<?xml version="1.0" encoding="UTF-8"?>
<!DOCTYPE html PUBLIC "-//W3C//DTD XHTML 1.0 Transitional//EN"
    "http://www.w3.org/TR/xhtml1/DTD/xhtml1-transitional.dtd">
<html xmlns="http://www.w3.org/1999/xhtml" xml:lang="en" lang="en">
 <head>
  <title>
</title>
<meta http-equiv="Content-Type" content="text/html;charset=utf-8" />
  <meta name='ocr-system' content='tesseract 3.04.00' />
  <meta name='ocr-capabilities' content='ocr_page ocr_carea ocr_par ocr_line ocrx_word'/>
</head>
<body>
  <div class='ocr_page' id='page_1' title='image "bellumpeloponne02foulgoog_0034.png"; bbox 0 0 2300 3600; ppageno 0'>
   <div class='ocr_carea' id='block_1_1' title="bbox 172 200 1036 1362">
    <p class='ocr_par' dir='ltr' id='par_1_1' title="bbox 222 200 836 311">
     <span class='ocr_line' id='line_1_1' title="bbox 222 200 836 311; baseline -0.002 -19"><span class='ocrx_word' id='word_1_1' title='bbox 222 225 272 308; x_wconf 74' lang='grc' dir='ltr'>ιι</span> <span class='ocrx_word' id='word_1_2' title='bbox 390 200 836 311; x_wconf 58' lang='lat' dir='ltr'>assuerum*</span> 
     </span>
    </p>

    <p class='ocr_par' dir='ltr' id='par_1_2' title="bbox 172 329 1036 1362">
     <span class='ocr_line' id='line_1_2' title="bbox 219 329 1030 442; baseline 0.009 -32"><span class='ocrx_word' id='word_1_3' title='bbox 219 329 331 412; x_wconf 79' lang='lat' dir='ltr'>tendis</span> <span class='ocrx_word' id='word_1_4' title='bbox 345 341 490 424; x_wconf 84' lang='lat' dir='ltr'>allatam,</span> <span class='ocrx_word' id='word_1_5' title='bbox 512 343 777 426; x_wconf 81' lang='lat' dir='ltr'>arbitrabantur,</span> <span class='ocrx_word' id='word_1_6' title='bbox 791 343 815 413; x_wconf 88' lang='lat' dir='ltr'>sr</span> <span class='ocrx_word' id='word_1_7' title='bbox 829 337 1030 442; x_wconf 71' lang='lat' dir='ltr'>ipfimet&#39;res</span> 
     </span>
     <span class='ocr_line' id='line_1_3' title="bbox 218 441 1032 529; baseline 0.007 -6"><span class='ocrx_word' id='word_1_8' title='bbox 218 455 281 524; x_wconf 92' lang='lat' dir='ltr'>bus</span> <span class='ocrx_word' id='word_1_9' title='bbox 297 455 563 529; x_wconf 88' lang='lat' dir='ltr'>administrandis</span> <span class='ocrx_word' id='word_1_10' title='bbox 578 483 647 529; x_wconf 91' lang='lat' dir='ltr'>non</span> <span class='ocrx_word' id='word_1_11' title='bbox 663 453 901 529; x_wconf 81' lang='lat' dir='ltr'>interfuissent.</span> <span class='ocrx_word' id='word_1_12' title='bbox 927 453 977 524; x_wconf 86' lang='lat' dir='ltr'>Ea&#39;</span> <span class='ocrx_word' id='word_1_13' title='bbox 994 441 1032 529; x_wconf 65' lang='lat' dir='ltr'>ei</span> 
     </span>
     <span class='ocr_line' id='line_1_4' title="bbox 221 569 1032 666; baseline 0 -28"><span class='ocrx_word' id='word_1_14' title='bbox 221 589 272 638; x_wconf 87' lang='lat' dir='ltr'>rat</span> <span class='ocrx_word' id='word_1_15' title='bbox 294 570 494 664; x_wconf 84' lang='lat' dir='ltr'>indignatio,</span> <span class='ocrx_word' id='word_1_16' title='bbox 519 597 586 666; x_wconf 89' lang='lat' dir='ltr'>qua</span> <span class='ocrx_word' id='word_1_17' title='bbox 606 572 789 666; x_wconf 89' lang='lat' dir='ltr'>plerique</span> <span class='ocrx_word' id='word_1_18' title='bbox 781 596 816 642; x_wconf 90' lang='grc' dir='ltr'>ιιι</span> <span class='ocrx_word' id='word_1_19' title='bbox 836 569 1032 642; x_wconf 84' lang='lat' dir='ltr'>Athenien</span> 
     </span>
     <span class='ocr_line' id='line_1_5' title="bbox 220 679 1033 781; baseline -0.001 -28"><span class='ocrx_word' id='word_1_20' title='bbox 220 679 271 753; x_wconf 85' lang='lat' dir='ltr'>ses</span> <span class='ocrx_word' id='word_1_21' title='bbox 286 681 505 756; x_wconf 82' lang='lat' dir='ltr'>ferebantur:</span> <span class='ocrx_word' id='word_1_22' title='bbox 526 687 584 756; x_wconf 88' lang='lat' dir='ltr'>aiii</span> <span class='ocrx_word' id='word_1_23' title='bbox 599 687 749 780; x_wconf 89' lang='lat' dir='ltr'>quidem,</span> <span class='ocrx_word' id='word_1_24' title='bbox 764 685 882 781; x_wconf 90' lang='lat' dir='ltr'>quod</span> <span class='ocrx_word' id='word_1_25' title='bbox 873 684 1033 778; x_wconf 80' lang='lat' dir='ltr'>imperio,</span> 
     </span>
     <span class='ocr_line' id='line_1_6' title="bbox 172 783 1034 896; baseline 0.006 -31"><span class='ocrx_word' id='word_1_26' title='bbox 172 795 174 802; x_wconf 74' lang='grc'>’</span> <span class='ocrx_word' id='word_1_27' title='bbox 221 821 283 895; x_wconf 83' lang='lat' dir='ltr'>quo</span> <span class='ocrx_word' id='word_1_28' title='bbox 298 798 406 870; x_wconf 80' lang='lat' dir='ltr'>abill</span> <span class='ocrx_word' id='word_1_29' title='bbox 364 797 434 870; x_wconf 81' lang='lat' dir='ltr'>tlis</span> <span class='ocrx_word' id='word_1_30' title='bbox 450 801 699 896; x_wconf 80' lang='lat' dir='ltr'>premebantur,</span> <span class='ocrx_word' id='word_1_31' title='bbox 723 798 757 872; x_wconf 97' lang='lat' dir='ltr'>se</span> <span class='ocrx_word' id='word_1_32' title='bbox 772 783 910 872; x_wconf 82' lang='lat' dir='ltr'>liberari</span> <span class='ocrx_word' id='word_1_33' title='bbox 929 805 1034 892; x_wconf 89' lang='lat' dir='ltr'>cupe-</span> 
     </span>
     <span class='ocr_line' id='line_1_7' title="bbox 221 911 1035 1008; baseline 0.006 -29"><span class='ocrx_word' id='word_1_34' title='bbox 221 931 318 999; x_wconf 90' lang='lat' dir='ltr'>rent;</span> <span class='ocrx_word' id='word_1_35' title='bbox 333 912 389 984; x_wconf 88' lang='lat' dir='ltr'>alii</span> <span class='ocrx_word' id='word_1_36' title='bbox 405 939 499 996; x_wconf 87' lang='lat' dir='ltr'>vero,</span> <span class='ocrx_word' id='word_1_37' title='bbox 511 916 604 1008; x_wconf 91' lang='lat' dir='ltr'>quod</span> <span class='ocrx_word' id='word_1_38' title='bbox 618 933 857 999; x_wconf 89' lang='lat' dir='ltr'>metuerent,n</span> <span class='ocrx_word' id='word_1_39' title='bbox 834 911 1035 984; x_wconf 85' lang='lat' dir='ltr'>neillor&#39;um</span> 
     </span>
     <span class='ocr_line' id='line_1_8' title="bbox 222 1023 1035 1122; baseline 0.001 -28"><span class='ocrx_word' id='word_1_40' title='bbox 222 1023 367 1118; x_wconf 89' lang='lat' dir='ltr'>imperio</span> <span class='ocrx_word' id='word_1_41' title='bbox 382 1052 502 1122; x_wconf 89' lang='lat' dir='ltr'>parcre</span> <span class='ocrx_word' id='word_1_42' title='bbox 512 1051 729 1122; x_wconf 87' lang='lat' dir='ltr'>cogerentur.</span> <span class='ocrx_word' id='word_1_43' title='bbox 759 1027 841 1100; x_wconf 93' lang='lat' dir='ltr'>Hoc</span> <span class='ocrx_word' id='word_1_44' title='bbox 856 1027 963 1122; x_wconf 88' lang='lat' dir='ltr'>igitur</span> <span class='ocrx_word' id='word_1_45' title='bbox 977 1051 1035 1119; x_wconf 50' lang='lat' dir='ltr'>apa·</span> 
     </span>
     <span class='ocr_line' id='line_1_9' title="bbox 221 1137 1036 1242; baseline 0.005 -34"><span class='ocrx_word' id='word_1_46' title='bbox 221 1162 354 1232; x_wconf 87' lang='lat' dir='ltr'>paratu,</span> <span class='ocrx_word' id='word_1_47' title='bbox 379 1163 480 1235; x_wconf 91' lang='lat' dir='ltr'>atque</span> <span class='ocrx_word' id='word_1_48' title='bbox 500 1142 553 1213; x_wconf 92' lang='lat' dir='ltr'>his</span> <span class='ocrx_word' id='word_1_49' title='bbox 572 1144 691 1214; x_wconf 87' lang='lat' dir='ltr'>animis</span> <span class='ocrx_word' id='word_1_50' title='bbox 709 1143 753 1216; x_wconf 88' lang='lat' dir='ltr'>ad</span> <span class='ocrx_word' id='word_1_51' title='bbox 766 1141 885 1215; x_wconf 84' lang='lat' dir='ltr'>bellum</span> <span class='ocrx_word' id='word_1_52' title='bbox 900 1137 1036 1242; x_wconf 80' lang='lat' dir='ltr'>utrique</span> 
     </span>
     <span class='ocr_line' id='line_1_10' title="bbox 221 1254 610 1362; baseline 0.013 -37"><span class='ocrx_word' id='word_1_53' title='bbox 221 1255 381 1362; x_wconf 77' lang='lat' dir='ltr'>concitati</span> <span class='ocrx_word' id='word_1_54' title='bbox 399 1254 610 1361; x_wconf 78' lang='lat' dir='ltr'>serebantur.</span> 
     </span>
    </p>
   </div>
   <div class='ocr_carea' id='block_1_2' title="bbox 129 1483 1144 3300">
    <p class='ocr_par' dir='ltr' id='par_1_3' title="bbox 129 1483 1144 3300">
     <span class='ocr_line' id='line_1_11' title="bbox 230 1483 1036 1590; baseline 0.001 -31.068"><span class='ocrx_word' id='word_1_55' title='bbox 230 1511 316 1581; x_wconf 88' lang='lat'>·.9</span> <span class='ocrx_word' id='word_1_56' title='bbox 346 1485 516 1584; x_wconf 84' lang='lat' dir='ltr'>Utrisque</span> <span class='ocrx_word' id='word_1_57' title='bbox 531 1508 645 1562; x_wconf 89' lang='lat' dir='ltr'>autem</span> <span class='ocrx_word' id='word_1_58' title='bbox 669 1487 735 1590; x_wconf 88' lang='lat' dir='ltr'>hae</span> <span class='ocrx_word' id='word_1_59' title='bbox 753 1485 906 1585; x_wconf 80' lang='lat' dir='ltr'>civitates</span> <span class='ocrx_word' id='word_1_60' title='bbox 926 1483 1036 1560; x_wconf 86' lang='lat' dir='ltr'>sociae</span> 
     </span>
     <span class='ocr_line' id='line_1_12' title="bbox 223 1589 1037 1697; baseline 0 -27"><span class='ocrx_word' id='word_1_61' title='bbox 223 1595 379 1683; x_wconf 82' lang='lat' dir='ltr'>fuerunt,</span> <span class='ocrx_word' id='word_1_62' title='bbox 405 1627 512 1695; x_wconf 88' lang='lat' dir='ltr'>quum</span> <span class='ocrx_word' id='word_1_63' title='bbox 537 1589 666 1674; x_wconf 81' lang='lat' dir='ltr'>bellum</span> <span class='ocrx_word' id='word_1_64' title='bbox 689 1625 812 1697; x_wconf 83' lang='lat' dir='ltr'>gerere</span> <span class='ocrx_word' id='word_1_65' title='bbox 836 1619 1037 1694; x_wconf 89' lang='lat' dir='ltr'>coeperunt.</span> 
     </span>
     <span class='ocr_line' id='line_1_13' title="bbox 224 1712 1037 1815; baseline -0.001 -29"><span class='ocrx_word' id='word_1_66' title='bbox 224 1714 343 1808; x_wconf 88' lang='lat' dir='ltr'>Atque</span> <span class='ocrx_word' id='word_1_67' title='bbox 357 1713 707 1788; x_wconf 86' lang='lat' dir='ltr'>Lacedaemoniorum</span> <span class='ocrx_word' id='word_1_68' title='bbox 725 1715 864 1811; x_wconf 85' lang='lat' dir='ltr'>quidem</span> <span class='ocrx_word' id='word_1_69' title='bbox 883 1715 920 1785; x_wconf 94' lang='lat' dir='ltr'>hi</span> <span class='ocrx_word' id='word_1_70' title='bbox 934 1712 1037 1815; x_wconf 77' lang='lat' dir='ltr'>fuere</span> 
     </span>
     <span class='ocr_line' id='line_1_14' title="bbox 224 1807 1037 1925; baseline 0.006 -27"><span class='ocrx_word' id='word_1_71' title='bbox 224 1828 324 1900; x_wconf 90' lang='lat' dir='ltr'>socii:</span> <span class='ocrx_word' id='word_1_72' title='bbox 359 1855 476 1902; x_wconf 89' lang='lat' dir='ltr'>omnes</span> <span class='ocrx_word' id='word_1_73' title='bbox 496 1829 743 1925; x_wconf 76' lang='lat' dir='ltr'>Peloponnesii,</span> <span class='ocrx_word' id='word_1_74' title='bbox 763 1831 823 1925; x_wconf 91' lang='lat' dir='ltr'>qui</span> <span class='ocrx_word' id='word_1_75' title='bbox 849 1826 925 1902; x_wconf 87' lang='lat' dir='ltr'>sunt</span> <span class='ocrx_word' id='word_1_76' title='bbox 944 1807 1037 1903; x_wconf 72' lang='lat' dir='ltr'>intra</span> 
     </span>
     <span class='ocr_line' id='line_1_15' title="bbox 130 1940 1144 2047; baseline -0.001 -32"><span class='ocrx_word' id='word_1_77' title='bbox 130 1976 131 1981; x_wconf 42' lang='lat'>¹</span> <span class='ocrx_word' id='word_1_78' title='bbox 224 1940 404 2028; x_wconf 85' lang='lat' dir='ltr'>Isthmum,</span> <span class='ocrx_word' id='word_1_79' title='bbox 417 1944 723 2039; x_wconf 79' lang='lat' dir='ltr'>praeterArgivos,</span> <span class='ocrx_word' id='word_1_80' title='bbox 735 1964 769 2047; x_wconf 78' lang='lat' dir='ltr'>et</span> <span class='ocrx_word' id='word_1_81' title='bbox 784 1943 952 2017; x_wconf 88' lang='lat' dir='ltr'>Achaeos.</span> <span class='ocrx_word' id='word_1_82' title='bbox 967 1942 1037 2015; x_wconf 78' lang='lat' dir='ltr'>Hie</span> <span class='ocrx_word' id='word_1_83' title='bbox 1143 1955 1144 1960; x_wconf 77' lang='grc'>’</span> 
     </span>
     <span class='ocr_line' id='line_1_16' title="bbox 225 2056 1039 2154; baseline 0.001 -26"><span class='ocrx_word' id='word_1_84' title='bbox 225 2056 317 2130; x_wconf 79' lang='lat' dir='ltr'>enirn¹</span> <span class='ocrx_word' id='word_1_85' title='bbox 345 2059 490 2130; x_wconf 87' lang='lat' dir='ltr'>amicitia</span> <span class='ocrx_word' id='word_1_86' title='bbox 512 2084 590 2131; x_wconf 93' lang='lat' dir='ltr'>cum</span> <span class='ocrx_word' id='word_1_87' title='bbox 615 2060 771 2154; x_wconf 88' lang='lat' dir='ltr'>utrisque</span> <span class='ocrx_word' id='word_1_88' title='bbox 794 2057 1039 2131; x_wconf 86' lang='lat' dir='ltr'>intercedebat.</span> 
     </span>
     <span class='ocr_line' id='line_1_17' title="bbox 129 2162 1038 2285; baseline 0 -40"><span class='ocrx_word' id='word_1_89' title='bbox 129 2191 133 2199; x_wconf 25' lang='grc' dir='ltr'>ι</span> <span class='ocrx_word' id='word_1_90' title='bbox 223 2162 300 2249; x_wconf 75' lang='lat' dir='ltr'>soli</span> <span class='ocrx_word' id='word_1_91' title='bbox 312 2194 425 2255; x_wconf 81' lang='lat' dir='ltr'>autem</span> <span class='ocrx_word' id='word_1_92' title='bbox 441 2199 484 2246; x_wconf 86' lang='lat' dir='ltr'>ex</span> <span class='ocrx_word' id='word_1_93' title='bbox 499 2172 647 2247; x_wconf 83' lang='lat' dir='ltr'>Achaeis</span> <span class='ocrx_word' id='word_1_94' title='bbox 660 2171 874 2271; x_wconf 84' lang='lat' dir='ltr'>Pellenenses</span> <span class='ocrx_word' id='word_1_95' title='bbox 888 2172 1038 2285; x_wconf 77' lang='lat' dir='ltr'>primum</span> 
     </span>
     <span class='ocr_line' id='line_1_18' title="bbox 222 2264 1039 2417; baseline 0 -60"><span class='ocrx_word' id='word_1_96' title='bbox 222 2286 538 2359; x_wconf 66' lang='lat' dir='ltr'>Lacedaemonios</span> <span class='ocrx_word' id='word_1_97' title='bbox 530 2314 565 2361; x_wconf 89' lang='lat' dir='ltr'>m</span> <span class='ocrx_word' id='word_1_98' title='bbox 599 2288 691 2360; x_wconf 88' lang='lat' dir='ltr'>bello</span> <span class='ocrx_word' id='word_1_99' title='bbox 718 2264 871 2417; x_wconf 83' lang='lat' dir='ltr'>gerendo</span> <span class='ocrx_word' id='word_1_100' title='bbox 891 2274 1039 2383; x_wconf 61' lang='lat' dir='ltr'>a‘djuvess&#39;</span> 
     </span>
     <span class='ocr_line' id='line_1_19' title="bbox 224 2384 1039 2499; baseline -0.001 -28"><span class='ocrx_word' id='word_1_101' title='bbox 224 2418 318 2482; x_wconf 85' lang='lat' dir='ltr'>tunt,</span> <span class='ocrx_word' id='word_1_102' title='bbox 327 2384 454 2497; x_wconf 85' lang='lat' dir='ltr'>postea</span> <span class='ocrx_word' id='word_1_103' title='bbox 469 2427 552 2478; x_wconf 82' lang='lat' dir='ltr'>vero</span> <span class='ocrx_word' id='word_1_104' title='bbox 567 2421 602 2474; x_wconf 94' lang='lat' dir='ltr'>et</span> <span class='ocrx_word' id='word_1_105' title='bbox 616 2403 742 2475; x_wconf 88' lang='lat' dir='ltr'>caeteri</span> <span class='ocrx_word' id='word_1_106' title='bbox 756 2425 875 2473; x_wconf 90' lang='lat' dir='ltr'>omnes</span> <span class='ocrx_word' id='word_1_107' title='bbox 888 2398 1039 2499; x_wconf 55' lang='lat' dir='ltr'>idemfln</span> 
     </span>
     <span class='ocr_line' id='line_1_20' title="bbox 223 2512 1041 2617; baseline 0.002 -32"><span class='ocrx_word' id='word_1_108' title='bbox 223 2526 349 2588; x_wconf 82' lang='lat' dir='ltr'>cerunt.</span> <span class='ocrx_word' id='word_1_109' title='bbox 380 2514 431 2589; x_wconf 92' lang='lat' dir='ltr'>At</span> <span class='ocrx_word' id='word_1_110' title='bbox 446 2530 541 2589; x_wconf 82' lang='lat' dir='ltr'>extra</span> <span class='ocrx_word' id='word_1_111' title='bbox 555 2512 841 2610; x_wconf 88' lang='lat' dir='ltr'>Peloponnesum,</span> <span class='ocrx_word' id='word_1_112' title='bbox 852 2513 1041 2617; x_wconf 78' lang='lat' dir='ltr'>Megaren-</span> 
     </span>
     <span class='ocr_line' id='line_1_21' title="bbox 158 2615 1039 2715; baseline 0.001 -15"><span class='ocrx_word' id='word_1_113' title='bbox 158 2616 162 2625; x_wconf 64' lang='grc'><strong>’</strong></span> <span class='ocrx_word' id='word_1_114' title='bbox 223 2615 286 2713; x_wconf 85' lang='lat' dir='ltr'>ses,</span> <span class='ocrx_word' id='word_1_115' title='bbox 310 2628 428 2714; x_wconf 91' lang='lat' dir='ltr'>Locri,</span> <span class='ocrx_word' id='word_1_116' title='bbox 449 2630 585 2713; x_wconf 86' lang='lat' dir='ltr'>Boeoti,</span> <span class='ocrx_word' id='word_1_117' title='bbox 611 2626 814 2712; x_wconf 81' lang='lat' dir='ltr'>Phocenses,</span> <span class='ocrx_word' id='word_1_118' title='bbox 834 2625 1039 2715; x_wconf 87' lang='lat' dir='ltr'>Ambraciu-</span> 
     </span>
     <span class='ocr_line' id='line_1_22' title="bbox 223 2724 1041 2828; baseline -0.001 -12.999"><span class='ocrx_word' id='word_1_119' title='bbox 223 2762 291 2825; x_wconf 90' lang='lat' dir='ltr'>tae,</span> <span class='ocrx_word' id='word_1_120' title='bbox 306 2741 484 2828; x_wconf 89' lang='lat' dir='ltr'>Leucadii,</span> <span class='ocrx_word' id='word_1_121' title='bbox 499 2724 686 2817; x_wconf 73' lang='lat' dir='ltr'>Anastorii.</span> <span class='ocrx_word' id='word_1_122' title='bbox 713 2742 769 2814; x_wconf 84' lang='lat' dir='ltr'>Ex</span> <span class='ocrx_word' id='word_1_123' title='bbox 783 2744 836 2815; x_wconf 88' lang='lat' dir='ltr'>his</span> <span class='ocrx_word' id='word_1_124' title='bbox 850 2742 1041 2827; x_wconf 89' lang='lat' dir='ltr'>Corinthii,</span> 
     </span>
     <span class='ocr_line' id='line_1_23' title="bbox 221 2844 1039 2954; baseline -0.004 -22"><span class='ocrx_word' id='word_1_125' title='bbox 221 2844 458 2952; x_wconf 75' lang='lat' dir='ltr'>Megarenses,</span> <span class='ocrx_word' id='word_1_126' title='bbox 488 2850 653 2954; x_wconf 78' lang='lat' dir='ltr'>Sicyonii,</span> <span class='ocrx_word' id='word_1_127' title='bbox 688 2854 916 2941; x_wconf 85' lang='lat' dir='ltr'>Pellenenses,</span> <span class='ocrx_word' id='word_1_128' title='bbox 945 2856 1039 2941; x_wconf 87' lang='lat' dir='ltr'>Elei,</span> 
     </span>
     <span class='ocr_line' id='line_1_24' title="bbox 223 2968 1039 3064; baseline -0.005 -18"><span class='ocrx_word' id='word_1_129' title='bbox 223 2972 477 3055; x_wconf 87' lang='lat' dir='ltr'>Ambraciotae,</span> <span class='ocrx_word' id='word_1_130' title='bbox 498 2971 664 3046; x_wconf 87' lang='lat' dir='ltr'>Leucadii</span> <span class='ocrx_word' id='word_1_131' title='bbox 688 2968 823 3044; x_wconf 82' lang='lat' dir='ltr'>classem</span> <span class='ocrx_word' id='word_1_132' title='bbox 842 2969 914 3046; x_wconf 85' lang='lat' dir='ltr'>illis</span> <span class='ocrx_word' id='word_1_133' title='bbox 939 2995 1039 3064; x_wconf 88' lang='lat' dir='ltr'>prae·</span> 
     </span>
     <span class='ocr_line' id='line_1_25' title="bbox 222 3074 1039 3181; baseline 0 -25"><span class='ocrx_word' id='word_1_134' title='bbox 222 3086 392 3159; x_wconf 81' lang='lat' dir='ltr'>buerunt:</span> <span class='ocrx_word' id='word_1_135' title='bbox 415 3088 605 3181; x_wconf 88' lang='lat' dir='ltr'>equitatum</span> <span class='ocrx_word' id='word_1_136' title='bbox 620 3074 756 3169; x_wconf 81' lang='lat' dir='ltr'>Boeoti,</span> <span class='ocrx_word' id='word_1_137' title='bbox 777 3083 981 3168; x_wconf 88' lang='lat' dir='ltr'>Phocenses,</span> <span class='ocrx_word' id='word_1_138' title='bbox 1002 3104 1039 3157; x_wconf 88' lang='lat' dir='ltr'>et</span> 
     </span>
     <span class='ocr_line' id='line_1_26' title="bbox 221 3192 1039 3300; baseline -0.002 -25"><span class='ocrx_word' id='word_1_139' title='bbox 221 3192 329 3281; x_wconf 78' lang='lat' dir='ltr'>Locri</span> <span class='ocrx_word' id='word_1_140' title='bbox 349 3231 358 3273; x_wconf 75' lang='grc' dir='ltr'><strong><em>ε</em></strong></span> <span class='ocrx_word' id='word_1_141' title='bbox 393 3222 547 3300; x_wconf 83' lang='lat' dir='ltr'>caeterae</span> <span class='ocrx_word' id='word_1_142' title='bbox 567 3226 651 3279; x_wconf 84' lang='lat' dir='ltr'>vero</span> <span class='ocrx_word' id='word_1_143' title='bbox 668 3203 821 3276; x_wconf 79' lang='lat' dir='ltr'>civitates</span> <span class='ocrx_word' id='word_1_144' title='bbox 846 3200 1039 3298; x_wconf 82' lang='lat' dir='ltr'>peditatum</span> 
     </span>
    </p>
   </div>
   <div class='ocr_carea' id='block_1_3' title="bbox 0 0 1159 3600">
    <p class='ocr_par' dir='ltr' id='par_1_4' title="bbox 0 0 1159 3600">
     <span class='ocr_line' id='line_1_27' title="bbox 0 0 1159 3600; baseline 0 0"><span class='ocrx_word' id='word_1_145' title='bbox 0 0 1159 3600; x_wconf 95' lang='lat' dir='ltr'> </span> 
     </span>
    </p>
   </div>
  </div>
 </body>
</html>
