2300 3600
284 152 747 288 THUCYDssltaoss
873 207 923 294 t,
971 142 979 166 ’

101 325 379 426 suppeditarunt.
400 323 519 420 Atque
533 325 570 396 hi
586 326 726 422 quidem
739 323 843 401 fuere
856 325 927 400 La·

101 440 407 525 cedaemoniorunt
428 439 518 512 socii.
548 437 808 514 Athenienfium
832 466 929 534 vcro,

104 549 929 653 Chii,Lesbii‚Plataeenses‚Mess'enii‚quiNau.

106 675 244 770 pactum
254 669 420 751 incolunt,
432 667 652 742 Acarnanum
661 669 830 766 plerique,
838 667 929 746 Cor.

108 787 240 884 cyraei,
259 783 452 882 Zacynthii,
482 802 523 855 et·
540 783 627 856 aliae
645 784 811 870 civitaten,
837 810 927 882 quae

109 903 204 976 inter
216 920 270 972 tot
283 900 438 972 nationes
454 895 717 994 Athenieafibus
736 920 834 974 erant
848 925 928 974 vec·
1027 927 1032 936 ·

110 1016 251 1112 ,tigaleat
281 1012 395 1098 Cana,
414 1036 503 1108 quac
522 1014 564 1084 ad
583 1037 677 1086 mare
695 1011 745 1087 est
764 1013 834 1099 fita,
849 1014 928 1088 Do·

111 1129 239 1222 arienses
258 1127 404 1218 Caribus
417 1126 566 1212 finitimi,
586 1127 698 1213 Ionia,
718 1125 928 1225 Hellespon,

111 1227 181 1330 tus,
194 1244 370 1316 Thraciae
381 1242 495 1326 urbes,
507 1262 541 1315 et
555 1242 741 1322 insularum
754 1264 928 1340 quotquot

112 1360 204 1432 intra
218 1355 491 1454 Peloponnesum
505 1375 540 1428 ct
555 1357 694 1449 Caetam
712 1357 757 1436 ad
769 1357 874 1432 solem
889 1383 930 1432 o·

112 1475 260 1562 ¹rientetu
275 1491 435 1569 vergunt,
455 1491 491 1545 ct
505 1491 658 1544 caeterae
676 1495 795 1544 omnes
808 1471 929 1568 Cycla·

113 1591 187 1682 det,
203 1588 354 1684 exceptis
368 1585 470 1664 Melo
482 1605 519 1658 ct
535 1585 670 1663 Thera.
688 1583 745 1658 Ex
757 1585 812 1662 his
824 1605 929 1659 naves

114 1704 348 1801 praebuerunt
364 1700 458 1786 Chii,
477 1698 609 1792 Lesbii,
630 1699 836 1798 Corcyraci3
855 1724 928 1774 cae·

115 1818 182 1893 teti
197 1842 280 1911 tero
295 1818 483 1914 peditatum
495 1818 534 1889 ¹et
552 1817 722 1911 pecunias.
750 1814 870 1912 Atque
889 1817 927 1891 hi

114 1930 259 2011 fuerunt
278 1953 504 2028 utrorumque
523 1930 619 2017 socii,
637 1952 672 2006 ct
691 1952 871 2028 apparatus
885 1933 929 2005 ad

115 2048 255 2150 pellunt.

178 2188 239 2236 10.
268 2158 529 2247 Lacedaemonii
550 2184 645 2245 vero,
674 2157 860 2255 posthaec
885 2164 929 2235 ad

115 2275 268 2369 Plataeas
282 2273 387 2373 gesta,
402 2277 566 2359 continuo
579 2276 711 2354 nuntiis
727 2272 826 2349 miffin
840 2275 930 2349 circa

115 2390 389 2489 Peloponnesum
408 2412 444 2465 et
462 2414 583 2487 agrum
601 2385 771 2476 socialem,
789 2392 851 2487 qui
869 2415 931 2488 cx·

116 2517 170 2579 tra'
184 2506 435 2607 Peloponnesum
454 2526 539 2597 erat,
559 2506 771 2599 imperarunt
785 2504 930 2589 ciuitati÷

117 2622 194 2706 bus,
214 2643 255 2694 ut
274 2640 432 2719 pararent
446 2620 645 2703 exercitum,
665 2638 701 2693 et
716 2642 769 2692 rea
783 2616 931 2701 neceffa,

118 2736 196 2820 rias,
212 2734 497 2831 quemadmodum
514 2758 635 2831 parare
652 2733 795 2820 decebat
809 2737 852 2808 ad
871 2760 930 2808 cx·

117 2851 328 2946 peditionem
346 2848 535 2921 faciendam
554 2870 652 2921 extra
669 2846 881 2950 Peloponnest
891 2849 931 2923 fi·

118 2988 191 3049 nes,
200 2985 240 3037 ut
250 2965 476 3059 irruptionem
489 2965 525 3035 in
535 2962 689 3037 Atticam
697 2962 830 3039 factura
839 2961 933 3037 Post·

118 3104 222 3175 quam
236 3100 351 3153 autem
370 3076 508 3175 fingulis
528 3081 570 3152 ad
589 3076 823 3175 praestitutam
840 3077 934 3153 diem
