2300 3600
203 81 298 150 280·
377 71 887 171 THUCYD.II.99,''

201 203 440 299 sequebantur.
458 203 581 301 Qare
597 225 669 281 tota
684 204 878 278 multitudo
892 229 1006 280 non
1025 209 1095 280 mi-

203 345 269 396 nor
283 341 420 394 centum
436 321 684 414 quinquaginta
699 320 851 396 millibus
863 321 1093 394 exstitiffe

205 435 328 511 fertur.
357 433 477 528 Atque
493 435 595 532 hujus
614 435 886 531 quidemmajor
906 461 1026 529 pars
1046 463 1086 508 e·
1124 482 1126 485 -

205 571 258 623 rat
286 547 468 644 pedestris,
499 549 601 620 tertia
621 574 704 622 vero
722 546 832 626 ferme
854 575 953 643 pars
987 574 1084 628 erat

206 661 391 758 equestris,
412 665 592 736 maximam
616 686 700 734 vero
724 664 828 762 hujus
852 667 1076 757 equitatus

206 799 339 874 partem
356 773 414 873 ipfi
425 776 594 874 Odrysae,
606 775 724 871 etpost
735 803 793 848 eos
805 777 932 858 Getae
944 805 1071 874 praee

206 895 369 965 buerunt.
398 891 693 987 Machaerophori
707 916 803 973 vero,
818 894 879 988 qui
898 893 983 966 suis
1005 897 1068 968 lc·

207 1009 311 1106 gibus'
329 1005 500 1091 vivebant,
526 1029 561 1078 et
582 1032 626 1079 ex
647 1006 821 1100 Rhodope
845 1007 1062 1082 descende·

209 1142 299 1204 rant,
329 1141 426 1225 erant
450 1121 555 1196 totius
582 1121 754 1216 peditatus
783 1121 1056 1200 bellicofiffimi.

209 1237 354 1312 Caetera
366 1259 449 1312 vero
459 1237 572 1325 turba,
581 1262 625 1311 ex
635 1237 735 1308 uariis
750 1256 784 1308 et
793 1236 934 1308 diversis
943 1263 1049 1332 gem,

210 1352 302 1424 tibus
317 1351 497 1446 permixta,
513 1335 894 1430 multitudine'maxime
909 1350 1044 1432 formi÷

209 1466 341 1549 dabilis,
358 1467 572 1570 sequebatur.

227 1727 233 1768 i
269 1724 290 1790 9
299 1692 527 1792 9.Doberum
537 1695 771 1790 igitutomaea
781 1718 1025 1788 convenerunt,

210 1833 246 1888 et
262 1811 295 1883 se
310 1830 474 1905 pararunt
489 1812 531 1882 ad
546 1810 773 1905 irruptionem
783 1809 965 1889 faciendam
975 1838 1023 1885 ex

212 1925 389 2021 superiore
405 1925 440 1997 in
455 1921 658 2004 inferiorem
670 1923 918 2011 Macedoniam,
931 1952 1019 2021 quae

212 2040 395 2117 Perdiccae
410 2040 555 2135 imperio
569 2039 720 2135 parebat.
739 2038 834 2124 Nam
843 2042 928 2121 inter
938 2040 1014 2128 Μᾳς

213 2160 359 2231 redonas
373 2153 450 2233 sunt
470 2174 504 2227 et
523 2152 727 2249 Lyncestae,
746 2174 782 2227 et
801 2139 1008 2260 Helimiotae,

214 2290 250 2344 et
265 2270 351 2342 aliae
366 2268 536 2363 genteain
550 2268 635 2341 locis
649 2269 1005 2364 mediterraneis,„quac

213 2385 281 2461 illis
296 2384 434 2478 quidem
449 2381 526 2457 sunt
540 2382 649 2455 sociae
659 2382 880 2482 etsubjedae:
898 2380 948 2457 sed
958 2404 1000 2475 taff

213 2522 294 2576 men
308 2522 413 2593 regna
423 2496 573 2593 singulae
583 2496 760 2591 separatim
770 2498 900 2571 habeut.
916 2496 1001 2584 Illam
1110 2525 1116 2588 ;

214 2638 298 2694 vero
313 2612 566 2695 Macedoniam,
577 2635 664 2707 quae
678 2636 770 2685 nunc
784 2610 833 2683 est
847 2600 997 2697 maritima,

215 2725 415 2805 Alexander
428 2725 611 2807 Perdiccae
630 2746 739 2821 pater,
758 2747 794 2799 et
813 2714 998 2800 Temenidae
1105 2706 1114 2824 ‚⁸

216 2838 290 2941 ejus
305 2824 460 2939 majores,
481 2836 569 2915 ¹olim
588 2868 632 2916 ex
650 2841 741 2914 urbe
757 2839 862 2937 Argis
873 2841 993 2925 oriundi,
1104 2935 1107 2946 Ι

218 2958 319 3052 primi
335 2952 565 3049 poffederunt,
586 2976 621 3029 et
636 2955 727 3029 inea
749 2976 928 3052 regnarunt,
943 2956 991 3027 ubi
1104 3035 1108 3054 ¹

218 3072 313 3173 prius
328 3072 461 3171 proelio
481 3070 655 3173 superatos
674 3068 875 3180 expuliffeut
888 3064 992 3169 ude:
