2300 3600
313 200 690 286 THUCYD.11.
715 209 748 280 8.
883 230 933 307 23

147 377 150 381 -
182 334 215 402 8.
227 325 381 424 Utrique
395 351 508 402 autem
523 330 609 401 nihil
624 329 720 424 parvi
731 327 850 407 animis
860 353 935 403 ver,

117 440 253 531 sabant3
273 443 330 517 sed
350 445 430 516 totis
450 443 578 517 viribus
598 446 634 515 in
654 445 720 516 hoc
740 443 869 515 bellum
883 444 933 516 iu,

116 559 341 630 cumbebant:
373 560 476 652 idque
492 583 561 632 non
578 558 711 658 injuria.
749 557 881 632 Omnes
896 583 933 632 e.

117 674 190 746 nim
205 674 364 750 mortales
379 699 494 746 rerum
513 673 610 744 initia
624 672 799 746 ardentius
817 671 932 768 capes·

116 786 193 861 sere
212 786 330 861 solent.
366 787 473 860 Tunc
494 813 578 860 vero
596 810 716 882 magna
738 788 932 884 juventutis

115 903 229 996 copia,
252 902 389 996 quaein
406 901 654 996 Peloponneso,
675 927 796 996 magna
814 902 930 986 etiam,

115 1041 205 1110 quae
221 1015 368 1088 Athenis
383 1039 467 1100 erat,
488 1039 631 1112 propter
645 1042 752 1090 rarum
767 1017 932 1110 imperiti·

116 1155 184 1213 am,
204 1156 274 1203 non
290 1131 394 1204 inrita
410 1131 539 1208 bellum
553 1130 765 1226 suscipiebat.
794 1131 840 1202 Et
856 1151 928 1213 tota

116 1246 250 1340 reliqua
274 1244 423 1320 Graecia
442 1246 560 1317 animis
580 1247 805 1330 eratjcrecra,
834 1247 932 1340 qnod,

114 1361 246 1454 primae
261 1361 413 1434 civitates
428 1382 683 1434 concurrerent.
712 1361 829 1433 Multa
844 1384 929 1454 quo-

113 1499 185 1570 que
203 1476 340 1548 oracula
359 1473 572 1558 ferebantur,
593 1475 699 1546 multa
718 1494 811 1550 rates
829 1498 929 1546 cane·

115 1591 212 1674 bant,
229 1609 297 1678 tam
312 1590 347 1664 in
363 1590 403 1662 iis
418 1589 624 1674 civitatibus,
649 1613 737 1684 quae
752 1587 881 1662 bellum
896 1612 932 1665 e·

115 1724 194 1776 rant
208 1703 376 1801 gesturae,
396 1725 498 1801 quam
514 1705 548 1776 in
564 1704 648 1777 aliis.
666 1701 844 1776 Praeterea
857 1702 929 1775 De·

114 1820 170 1892 lus
194 1821 295 1892 etiam
319 1822 422 1914 paulo
445 1842 524 1893 aute
548 1821 633 1891 haec
657 1820 816 1903 tremuit,
840 1843 930 1913 quae

75 1969 77 1972 ’
114 1958 291 2029 nunquam
302 1955 393 2019 aute,
405 1932 478 2028 post
491 1934 706 2017 Graecorum
716 1934 928 2017 memoriam,

115 2068 208 2133 mota
222 2048 347 2123 fuerat.
372 2048 472 2121 Haec
488 2070 601 2121 autem
616 2070 651 2121 et
664 2049 878 2135 dicebantur,
893 2068 930 2119 et

114 2164 321 2237 videbantur
337 2161 403 2237 effe
420 2188 535 2237 rerum
550 2162 746 2235 futurarum
761 2161 931 2258 prodigia,

114 2276 175 2361 Et,
196 2280 300 2374 srqua
314 2278 378 2350 alia
399 2279 594 2376 hujusmodi
613 2277 704 2372 figur
723 2297 802 2349 ante
820 2276 929 2347 conti-

114 2389 251 2488 giffent,
272 2394 385 2465 omnia
405 2393 705 2487 conquirebantur.
735 2389 930 2465 Hominum

114 2528 233 2580 autem
255 2508 484 2582 benivolentia
504 2508 608 2603 longe
627 2507 735 2603 major
752 2508 796 2576 ad
821 2503 931 2580 Lace.-

114 2623 313 2695 daemonios
339 2623 534 2705 inclinabat,
555 2620 738 2717 praecipue
763 2620 857 2712 quod
880 2617 932 2689 ilii

66 2745 69 2755 '
116 2735 301 2811 Graeciam
315 2762 334 2811 a
353 2735 387 2809 se
402 2738 437 2808 iu
453 2736 647 2809 libertatem
665 2734 872 2807 vindicatum
888 2731 932 2802 iri

116 2851 364 2945 praedicarent.
386 2850 432 2923 Et
446 2850 582 2946 finguli,
597 2870 631 2921 et
647 2849 783 2943 privati,
800 2868 834 2920 ct
849 2846 933 2917 civi·

119 2986 207 3037 tates
227 2966 380 3061 integrae
401 2966 492 3037 omui
509 2989 574 3058 ope
589 2964 801 3048 nitebantur,
820 2960 844 3031 fi
863 2979 934 3053 quo

120 3083 226 3153 modo
241 3080 330 3165 illoc,
351 3101 410 3153 aut
424 3080 548 3163 verbiS,
570 3099 629 3150 ant
643 3076 750 3159 fastis,
774 3076 936 3173 adjuvare

122 3191 267 3305 poffent.
295 3192 343 3271 Et
358 3196 392 3281 in
408 3221 450 3273 eo
468 3193 591 3288 singuli
606 3215 747 3276 moram,
763 3190 864 3263 rebus
878 3210 936 3282 ge·

504 3308 588 3407 Ba
