2300 3600
305 205 677 309 rnocrnn.
699 247 763 323 μ.
860 246 938 331 135

124 376 200 427 non
214 354 431 450 corripiebat,
449 356 496 426 ita
505 378 545 429 ut
555 382 634 429 eum
648 357 750 429 etiam
764 356 938 432 interime·

125 465 939 569 retEtabaliisbeaticensebanturipliqueprop·

125 603 185 656 ter
209 571 419 677 praesentem
440 583 554 657 salutis
574 584 760 679 insperatae
776 588 937 666 laetitiam

125 695 345 781 exsultantes,
353 692 521 792 qitandam
530 700 632 786 etiam
647 700 755 771 levem
770 699 860 795 spem
875 703 936 775 ha·

125 812 265 895 bebant,
276 811 310 883 se
324 836 368 894 ne
382 813 456 883 alio
463 814 601 907 quidem
617 812 680 884 ullo
695 815 814 886 morbo
828 816 862 887 in
873 842 935 913 po·

124 922 255 1000 {lerum
268 927 411 1019 amplius
426 915 574 1021 irnqu'arn
589 927 802 1023 absumptum
817 930 869 1001 iri.

187 1063 250 1133 5²·
269 1038 364 1134 Ipsos
383 1062 508 1124 autem,
528 1054 665 1136 praeter
684 1043 845 1126 laborem,
865 1069 935 1139 quo

120 1151 194 1254 jam
208 1156 428 1237 vexabantur,
440 1145 509 1249 ipsa
518 1180 656 1253 quoque
665 1183 773 1228 rerum
787 1182 830 1231 ex
844 1159 935 1255 agris

127 1267 165 1340 in
181 1269 289 1367 urbem
298 1271 534 1363 comportatio,
545 1271 726 1365 praecipue
737 1296 819 1344 vero
834 1273 933 1369 rusti·

127 1406 191 1467 cor,
210 1384 269 1477 qui
286 1381 322 1454 in
335 1410 406 1458 eam
422 1370 669 1467 confluxerant,
687 1386 823 1479 gravius
839 1364 933 1480 pres·

123 1496 183 1571 sit,
208 1497 297 1586 Cum
310 1499 401 1571 enim
415 1522 484 1569 non
499 1494 604 1569 effent
618 1500 728 1582 aedes,
749 1497 805 1577 sed
823 1499 859 1571 in
879 1514 932 1571 tu‘-

125 1611 271 1707 guriolis
295 1610 449 1685 aestuoso
475 1612 519 1683 ob
545 1612 623 1687 anni
651 1632 783 1707 tempus
802 1613 932 1686 habita·

126 1746 221 1811 rent,
232 1724 358 1823 strages
373 1712 661 1812 edebatur‚nullo
676 1728 812 1802 ordine:
833 1730 932 1824 quin-

124 1842 229 1914 etiam
243 1842 300 1914 alii
314 1841 415 1936 super
429 1843 511 1914 alios
529 1843 723 1927 morientes,
743 1845 867 1916 mortui
878 1845 932 1944 ja'·

125 1957 248 2028 cebant
257 1986 266 2045 ;
286 1978 320 2028 et
336 1956 371 2028 in
386 1957 459 2040 viis,
479 1977 514 2030 et
528 1957 616 2029 cirea
630 1955 742 2032 fontes
756 1983 883 2041 omnes,
900 1983 932 2030 a·

12 2160 14 2162 =
126 2095 215 2166 quae
237 2070 421 2155 defiderio,
451 2069 658 2145 semimortui
681 2071 932 2149 volutabantur.

127 2182 174 2256 Et
188 2185 323 2278 templa,
340 2185 375 2256 in
390 2184 513 2280 quibus
527 2183 742 2258 tabernacula
757 2185 931 2257 habitandi

124 2298 225 2370 eausa
244 2297 408 2381 fecerant,
427 2299 644 2372 cadaveribus
663 2299 851 2384 hominum,
871 2300 932 2394 qui

127 2412 175 2484 tbi
186 2413 222 2484 in
233 2412 305 2507 ipsrs
316 2413 559 2498 moriebantur,
567 2434 666 2489 erant
676 2411 813 2486 referta.
831 2414 932 2488 Malo

126 2528 219 2602 enim
233 2525 331 2622 supra
346 2529 483 2601 modum
506 2548 664 2624 urgente,
684 2528 838 2600 homines
861 2551 931 2602 non

125 2641 303 2726 habentes,
326 2642 410 2736 quid
424 2663 577 2738 agerent,
601 2662 660 2714 aut
672 2666 748 2735 ¹quo
766 2640 801 2713 se
820 2663 930 2716 verte-

126 2777 216 2840 rent,
232 2755 320 2829 sacra
335 2781 373 2829 ac
387 2756 531 2852 prolana
545 2781 653 2852 aeque
666 2756 842 2853 negligere
857 2781 932 2830 coe·

126 2890 262 2966 petunt.
283 2855 467 2966 omnesque
481 2872 586 2968 leget,
602 2872 724 2966 quibus
738 2892 816 2945 ante
831 2874 866 2944 in
882 2870 931 2942 se-

127 2985 485 3079 pultura‘utebantur,
509 2987 637 3079 pariter
656 2985 732 3060 sunt
750 2984 932 3058 conturba·

128 3120 192 3173 tae.
229 3124 307 3171 nam
325 3099 542 3194 sepeliebant,
565 3102 769 3196 utquisque
787 3119 932 3194 poterat.

128 3212 318 3311 Multique,
337 3234 479 3315 propter
501 3205 659 3294 vcrebram¹
674 3211 934 3302 domesticorum

507 3325 574 3430 14
