2300 3600
271 197 734 303 maneronta.
835 228 912 316 143

100 360 161 417 cae
175 332 350 434 planitiem
366 334 548 421 vastarunt,
567 330 603 409 in
618 356 751 433 agrum,
768 338 828 435 qui
844 366 917 415 ma⁴

105 454 237 528 ritimus
261 452 465 549 appellatur,
491 448 725 547 procefferunt
744 476 854 550 nsque
874 452 917 530 ad

103 588 256 641 montem
263 561 443 651 Laurium,
453 563 513 639 obi
527 565 606 638 sunt
620 568 753 661 argenti
764 566 917 655 fodinae,

105 706 190 779 quas
199 676 427 755 Athenienses
437 676 616 776 poffidetrtt
635 704 673 751 ac
683 682 830 775 primum
840 686 917 781 qui·

105 798 185 870 dem
198 821 272 869 eam
286 794 366 896 agri
378 816 511 891 partem
524 792 709 879 vastarunt,
719 814 806 891 quae
819 797 917 873 Pelo·

105 911 293 1007 pontresum
303 905 571 1005 speetat,deinde
582 934 664 983 vero
680 928 765 995 eam,
776 936 863 1007 quae
873 916 917 989 ad

104 1013 917 1119 EuboeametAndrumvergitPericlesautem,

105 1140 166 1237 qui
182 1162 263 1229 tunc
277 1158 414 1235 quoque
428 1143 500 1212 dux
514 1158 599 1221 erat,
611 1138 645 1212 in
657 1142 773 1213 eadem
787 1140 918 1217 senten·

107 1257 154 1329 tia
169 1254 415 1350 perseverabat,
425 1254 711 1349 quemadmodum
721 1273 755 1327 et
770 1254 806 1327 in
821 1256 917 1352 supe·

105 1369 199 1443 tiore
213 1369 429 1464 expeditione
432 1370 583 1464 fecerat,
601 1388 670 1438 non
689 1390 850 1463 oportere
865 1370 916 1445 A·

106 1479 298 1559 thenienses
312 1510 353 1556 ex
369 1482 449 1555 urbe
463 1502 581 1555 contra
595 1480 711 1578 hostem
726 1484 831 1557 exire.
864 1536 868 1545 -

102 1590 106 1595 ’
164 1604 229 1691 56.
256 1596 345 1670 Cum
364 1618 478 1683 autem
492 1588 752 1669 Lacedaemonii
763 1597 797 1671 in
814 1593 918 1672 Atti·

104 1737 165 1788 cae
179 1707 318 1809 planitie
332 1714 444 1785 adhuc
454 1704 571 1795 effem,
580 1730 760 1808 antequam
771 1714 812 1785 ad
822 1734 917 1792 oram

104 1825 307 1903 maritimam
330 1827 505 1912 venirent,
534 1821 600 1924 ipse
623 1845 760 1900 centum
779 1830 917 1908 narium

104 1937 916 2037 claffemPeloponnesobellumillaturusinstru·

105 2058 202 2146 ebat;
234 2076 269 2130 et
292 2055 468 2152 postquam
490 2052 598 2128 omnia
620 2077 735 2151 parata
757 2055 916 2142 fuerunt,

104 2170 216 2244 solvit.
243 2171 405 2245 Ducebat
424 2190 538 2244 autem
557 2164 593 2242 in
612 2164 753 2241 naribos
767 2190 917 2266 quatuor

105 2279 211 2360 millia
226 2288 338 2382 gravis
351 2305 542 2358 armaturae
559 2279 707 2356 militum
722 2279 914 2359 Athenien·

4 2433 8 2440 ·
104 2399 200 2484 fium,
216 2420 251 2472 et
266 2420 435 2472 trecentos
454 2400 586 2494 equites
604 2397 640 2470 in
659 2395 741 2470 aliis
760 2401 916 2485 naribus,

105 2536 194 2610 quae
213 2514 310 2610 equis
328 2510 493 2587 rehendit
512 2531 609 2587 erant
628 2533 745 2606 aptae,
763 2537 851 2607 quae
872 2533 915 2587 ert

105 2626 246 2702 vetustis
269 2629 412 2725 navigiis
437 2645 519 2702 tunc
539 2621 687 2723 primum
711 2624 817 2700 fatiae
838 2626 916 2724 fue·

4 2810 5 2821 ,
104 2763 192 2816 tant.
202 2745 245 2816 ad
254 2743 396 2816 eandem
405 2764 519 2816 autem
529 2735 780 2838 expeditionem
791 2763 826 2816 et
834 2735 915 2816 Chii

104 2878 139 2931 et
154 2854 272 2932 Lesbii
290 2880 369 2930 cum
388 2846 634 2953 quinquaginta
653 2849 794 2930 navibus
811 2857 915 2952 profi·

4 3046 5 3049 ,
102 2964 324 3069 ciscebantur.
355 2971 444 3046 Cum
457 2990 571 3046 autem
586 2969 642 3044 hic
657 2968 921 3048 Athenienfium

102 3086 275 3164 exercitus
297 3085 411 3173 foirit,
433 3071 691 3186 Peloponoesror
717 3081 914 3192 ionAttitae
