2300 3600
294 247 297 251 ,
343 178 650 275 THUCYD.
670 174 721 259 Π.
740 176 803 281 65'.
898 194 973 280 167

166 322 180 360 ⁴
199 308 257 386 sed
270 313 330 409 qui
345 310 394 385 est
407 313 530 408 agendi
550 312 729 397 studiosus,
750 310 820 409 ipse
839 336 979 413 quoque

166 438 179 469 ⁴
198 426 435 499 aemulabitur.
466 427 581 522 fiquis
599 452 687 500 -vero
711 452 780 501 non
803 426 977 524 poffideatt

165 552 178 583 ‘
198 542 374 613 invidebit.
403 540 587 613 Caeterum
602 540 683 613 aliis
699 541 822 615 invisos
843 564 878 617 et
897 568 976 639 gra·

164 667 178 697 ⁴
197 680 257 728 voe
270 656 305 727 in
325 652 597 750 praesentia-effe
614 655 773 728 omnibus
792 659 976 753 contingit,

165 781 368 865 ‘quotquot
395 769 494 842 alteri
525 767 640 841 alteris
664 770 832 865 imperare
855 758 974 846 volue-

163 894 176 925 ‘
196 904 288 977 runt.
313 882 390 983 Qri
404 908 488 956 vero
502 884 723 964 maximarum
736 908 849 957 rerum
864 887 975 981 gratia

163 1008 176 1043 ‘
194 996 333 1094 suscipit
347 998 520 1083 iuvidiam,
530 998 558 1070 is
568 998 706 1093 quidem
721 1000 810 1073 rede
823 998 881 1072 fibi
896 1024 975 1073 con-

164 1124 176 1157 ‘
197 1110 289 1184 sulit
315 1109 447 1185 Odium
461 1114 552 1185 enim
565 1138 635 1185 non
650 1114 709 1185 diu
724 1115 845 1185 durat:
866 1112 922 1188 sed
938 1132 974 1189 et

162 1225 353 1321 ‘praeseus
366 1225 537 1321 splendor,
562 1247 597 1299 et
620 1227 785 1321 gloria'in
799 1227 974 1323 posterum

161 1350 174 1385 ‘
192 1362 362 1451 perpetuo
374 1340 577 1415 celebranda
592 1330 808 1435 relinquitur.
822 1327 896 1415 Vot
910 1344 979 1439 igi:

162 1466 252 1527 ‘tur
270 1456 365 1550 quod
383 1455 419 1526 in
443 1454 614 1549 reliquum
635 1474 768 1549 tempus
792 1455 973 1531 honestum

161 1567 352 1641 ‘futurum
380 1565 442 1653 est,
466 1589 529 1640 nec
550 1566 599 1639 est
620 1567 656 1639 m
681 1567 971 1663 praesentiinbo-

46 1729 50 1735 ·
160 1681 336 1768 ‘nestum
361 1682 569 1779 cogitatione
593 1680 846 1777 prospicientes,
875 1710 970 1781 prac-

161 1809 174 1844 ‘
193 1796 278 1872 senti
289 1799 478 1871 animorum
488 1796 661 1872 alacritate
671 1819 857 1894 utrumque
865 1825 970 1896 quae·

160 1923 172 1958 ⁴
192 1915 289 1986 ratis:
314 1937 429 2010 neque
450 1913 562 1989 ullum
574 1915 832 1988 caduceatorem
845 1918 888 1988 ad
901 1914 971 1988 La·

71 2113 77 2124 ,
159 2029 425 2102 ‘eudaemonios
442 2023 601 2120 mittatis,
625 2051 741 2121 neque
755 2026 970 2122 significatio·

159 2152 171 2191 ‘
191 2167 271 2216 uem
288 2143 387 2226 deti-s,
411 2165 471 2215 vos
494 2139 728 2236 praesentibus
748 2141 969 2216 incommodis

159 2267 172 2301 ⁴
192 2257 311 2352 premi.
344 2254 512 2349 Numqui
534 2253 570 2325 in
592 2253 836 2329 calamitatibus
856 2258 969 2331 animo

159 2381 171 2418 ‘
190 2372 368 2442 minimum
377 2365 589 2452 afflictantur,
600 2387 635 2440 et
647 2393 685 2440 re
699 2368 766 2464 ipsa
782 2371 973 2466 plurimum

159 2494 173 2539 ‘
192 2481 268 2583 ipſsr·
290 2477 459 2568 refistuut,
481 2481 535 2554 isti
553 2503 590 2555 et
608 2483 745 2576 publice
760 2503 794 2556 et
808 2486 968 2582 privatim

158 2600 343 2674 ‘omnium
356 2597 435 2674 funt
447 2590 746 2693 praestantiffimissl
803 2661 806 2666 ,

218 2831 282 2920 65.
301 2826 371 2903 His
385 2826 498 2902 verbis
510 2819 659 2929 Pericles
674 2824 932 2902 Atheniensium
942 2828 968 2898 i·

157 2965 230 3014 ram
248 2943 284 3014 iu
307 2939 342 3015 se
365 2927 563 3037 conceptam
581 2942 750 3038 mitigare,
770 2943 968 3035 animosque

157 3055 319 3129 illorum
333 3055 563 3152 praesentibus
578 3057 673 3130 malis
687 3057 855 3128 abducere
870 3079 967 3128 cona-

158 3171 270 3248 batur.
297 3169 360 3250 Illi
372 3196 456 3252 tero
474 3171 611 3270 publice
625 3171 763 3267 quidem
778 3170 850 3272 ejus
864 3172 983 3246 oroth.

1139 72 1141 151 q

1135 182 1141 263 1
