2300 3600
213 184 291 278 2'44
336 218 338 224 ¹
385 172 844 256 THUCYD.‘1L8‘8.

213 317 223 371 ‘-
243 305 353 380 Vobis
368 307 468 378 etiam
483 303 620 399 insuper
639 305 731 378 adest
750 307 887 379 narium
906 300 1024 379 mulii⁴

214 431 225 461 ‘
247 423 342 504 tud0,
359 442 393 493 et
408 418 469 491 loci
483 419 724 518 opportunitas,
736 421 829 514 quod
844 405 1028 515 praesentb

216 537 312 606 ‘bus
346 533 459 629 gravis
488 556 679 607 armaturae
707 535 874 608 militibus·
908 536 1029 607 navaie

216 649 418 743 ‘proelium
451 673 559 745 prope
584 650 761 743 regionem
788 648 933 722 restrum
960 649 1030 720 fitis

218 771 230 804 ‘
249 760 467 835 commiffurir
493 761 703 858 Plerumque
720 789 802 837 vero
817 764 954 835 vicioria
968 788 1030 857 pe·‘

218 875 310 951 ‘'ues
325 878 402 950 illos
417 875 477 960 est,
498 879 556 972 qui
577 876 654 948 sunt
669 899 703 950 et
715 879 862 950 numero
876 875 1031 971 superio-¹

220 1001 231 1032 ⁴
253 1017 319 1074 rec,
330 1013 364 1064 et
379 990 499 1062 meiius
513 989 677 1063 instrucii.¹
694 990 931 1088 Qramobrem
941 990 1031 1062 nihii

220 1102 389 1199 ‘prorsus
415 1105 616 1196 reperimus,
640 1130 703 1176 cur
717 1106 840 1176 merito
853 1105 951 1176 fimus
975 1103 1033 1176 of*

220 1227 231 1258 ⁸
252 1216 392 1290 sensuri.
412 1215 849 1315 Qlinetimuquaecuuque
862 1219 1034 1313 εὐτερπ-

221 1341 233 1372 ‘
253 1334 414 1416 cavimus,
434 1357 526 1406 nunc
540 1334 625 1404 haec
637 1332 709 1426 ipsa
721 1335 874 1431 adjuncta
882 1333 1035 1430 ‘discipli-

224 1456 236 1514 .‘
254 1471 332 1520 nam
347 1446 569 1541 praebebunt.
596 1445 626 1518 F
627 1447 739 1520 identi¹
748 1447 857 1543 igitur
869 1449 982 1520 auimo
998 1467 1035 1519 et

224 1569 235 1602 ‘
255 1563 503 1657 gubernatores
524 1581 558 1634 et
578 1581 701 1636 nautae
715 1561 812 1633 suum
825 1562 955 1657 quique
968 1564 1034 1632 du·

224 1683 235 1714 ‘
256 1701 331 1748 cem
344 1673 541 1770 sequamini,
551 1701 622 1748 non
635 1675 827 1750 deserentes
835 1677 962 1759 locum,
973 1677 1033 1770 qui

224 1798 236 1828 ‘
255 1787 756 1885 uuicuiqueaffignatusfuerit.
774 1789 852 1862 Nos
867 1816 951 1864 vero
963 1810 1035 1863 nou

225 1909 236 1940 ‘
256 1904 419 1986 deterius,
430 1928 532 1999 quom
543 1902 733 1998 superiores
746 1905 971 2003 ducec‚hostis
987 1907 1036 1976 iu·
1116 1933 1117 1946 ¹

226 2025 236 2055 ‘
257 2020 401 2091 radendi
412 2019 685 2091 commoditatem
694 2020 905 2113 parabimus;
922 2044 1036 2114 neque

226 2139 237 2169 ‘
258 2133 417 2227 cuiquam
436 2132 642 2205 occasionem
662 2134 909 2228 praebebimus,
934 2154 973 2205 ut
998 2134 1037 2205 fit

226 2253 237 2283 ‘
258 2247 410 2340 ignavus.
439 2246 550 2344 Quod
564 2247 677 2341 siquis
691 2248 851 2330 voluerit,
871 2249 899 2318 is
912 2246 1037 2320 debitis

228 2367 238 2397 ‘
258 2360 377 2455 poenis
401 2356 587 2433 afficietur:
616 2359 725 2433 fortes
743 2384 858 2434 autem
875 2363 1037 2457 proemiis

225 2482 238 2512 ⁴
259 2477 387 2549 virtute
399 2476 511 2571 dignis
526 2474 762 2547 ornabuntur?

289 2708 352 2775 88.
371 2701 439 2775 His
453 2702 560 2799 igitur
575 2701 687 2777 verbis
699 2701 807 2795 duces
821 2696 1039 2796 Peloponne·
1106 2749 1107 2762 κ

225 2818 350 2891 fiotum
379 2815 446 2889 suis
474 2818 638 2890 militibus
666 2820 794 2891 animos
823 2818 1041 2889 addiderunt.

224 2928 392 3031 Phormio
405 2958 500 3018 rero,
522 2934 643 3007 timens
658 2931 777 3031 etipse
792 2932 931 3005 suorum
949 2930 1040 3003 mili·
