<?xml version="1.0" encoding="UTF-8"?>
<!DOCTYPE html PUBLIC "-//W3C//DTD XHTML 1.0 Transitional//EN"
    "http://www.w3.org/TR/xhtml1/DTD/xhtml1-transitional.dtd">
<html xmlns="http://www.w3.org/1999/xhtml" xml:lang="en" lang="en">
 <head>
  <title>
</title>
<meta http-equiv="Content-Type" content="text/html;charset=utf-8" />
  <meta name='ocr-system' content='tesseract 3.04.00' />
  <meta name='ocr-capabilities' content='ocr_page ocr_carea ocr_par ocr_line ocrx_word'/>
</head>
<body>
  <div class='ocr_page' id='page_1' title='image "bellumpeloponne02foulgoog_0041.png"; bbox 0 0 2300 3600; ppageno 0'>
   <div class='ocr_carea' id='block_1_1' title="bbox 95 183 925 3060">
    <p class='ocr_par' dir='ltr' id='par_1_1' title="bbox 95 183 925 3060">
     <span class='ocr_line' id='line_1_1' title="bbox 97 183 917 302; baseline 0.015 -36"><span class='ocrx_word' id='word_1_1' title='bbox 97 295 100 300; x_wconf 18' lang='grc' dir='ltr'>ἱ</span> <span class='ocrx_word' id='word_1_2' title='bbox 279 183 745 272; x_wconf 63' lang='lat' dir='ltr'><strong>THUCYDerH·</strong></span> <span class='ocrx_word' id='word_1_3' title='bbox 870 212 917 302; x_wconf 69' lang='lat'>3!</span> 
     </span>
     <span class='ocr_line' id='line_1_2' title="bbox 102 321 924 424; baseline 0.002 -25"><span class='ocrx_word' id='word_1_4' title='bbox 102 333 121 378; x_wconf 79' lang='lat'><strong><em>¹</em></strong></span> <span class='ocrx_word' id='word_1_5' title='bbox 138 345 213 424; x_wconf 89' lang='lat' dir='ltr'>quo</span> <span class='ocrx_word' id='word_1_6' title='bbox 227 321 456 398; x_wconf 75' lang='lat' dir='ltr'>Athenienses</span> <span class='ocrx_word' id='word_1_7' title='bbox 470 321 701 420; x_wconf 75' lang='lat' dir='ltr'>persequitur,</span> <span class='ocrx_word' id='word_1_8' title='bbox 715 348 779 398; x_wconf 85' lang='lat' dir='ltr'>nos</span> <span class='ocrx_word' id='word_1_9' title='bbox 794 349 838 400; x_wconf 90' lang='lat' dir='ltr'>ex</span> <span class='ocrx_word' id='word_1_10' title='bbox 854 331 924 401; x_wconf 89' lang='lat' dir='ltr'>ani·</span> 
     </span>
     <span class='ocr_line' id='line_1_3' title="bbox 96 435 925 540; baseline 0.004 -27"><span class='ocrx_word' id='word_1_11' title='bbox 96 453 118 486; x_wconf 79' lang='lat'><strong><em>⁴</em></strong></span> <span class='ocrx_word' id='word_1_12' title='bbox 139 443 186 514; x_wconf 94' lang='lat' dir='ltr'>mi</span> <span class='ocrx_word' id='word_1_13' title='bbox 207 438 372 513; x_wconf 88' lang='lat' dir='ltr'>sententia</span> <span class='ocrx_word' id='word_1_14' title='bbox 387 463 460 512; x_wconf 89' lang='lat' dir='ltr'>rem</span> <span class='ocrx_word' id='word_1_15' title='bbox 478 435 644 536; x_wconf 86' lang='lat' dir='ltr'>gesturos.</span> <span class='ocrx_word' id='word_1_16' title='bbox 672 437 842 538; x_wconf 80' lang='lat' dir='ltr'>Quamvis</span> <span class='ocrx_word' id='word_1_17' title='bbox 861 443 925 540; x_wconf 67' lang='lat' dir='ltr'>igi*</span> 
     </span>
     <span class='ocr_line' id='line_1_4' title="bbox 103 554 923 631; baseline 0.002 -3"><span class='ocrx_word' id='word_1_18' title='bbox 103 562 118 601; x_wconf 77' lang='lat'>‘</span> <span class='ocrx_word' id='word_1_19' title='bbox 140 577 199 628; x_wconf 90' lang='lat' dir='ltr'>tur</span> <span class='ocrx_word' id='word_1_20' title='bbox 213 554 315 628; x_wconf 84' lang='lat' dir='ltr'>alicui</span> <span class='ocrx_word' id='word_1_21' title='bbox 329 555 506 626; x_wconf 88' lang='lat' dir='ltr'>videamur</span> <span class='ocrx_word' id='word_1_22' title='bbox 515 554 570 628; x_wconf 81' lang='lat' dir='ltr'>vel</span> <span class='ocrx_word' id='word_1_23' title='bbox 582 555 730 628; x_wconf 84' lang='lat' dir='ltr'>maximo</span> <span class='ocrx_word' id='word_1_24' title='bbox 739 579 817 628; x_wconf 92' lang='lat' dir='ltr'>cum</span> <span class='ocrx_word' id='word_1_25' title='bbox 827 555 923 631; x_wconf 55' lang='lat' dir='ltr'>exeri</span> 
     </span>
     <span class='ocr_line' id='line_1_5' title="bbox 102 667 922 767; baseline 0.001 -24"><span class='ocrx_word' id='word_1_26' title='bbox 102 675 117 716; x_wconf 71' lang='lat' dir='ltr'>e</span> <span class='ocrx_word' id='word_1_27' title='bbox 138 671 212 744; x_wconf 87' lang='lat' dir='ltr'>citu</span> <span class='ocrx_word' id='word_1_28' title='bbox 234 689 352 743; x_wconf 88' lang='lat' dir='ltr'>contra</span> <span class='ocrx_word' id='word_1_29' title='bbox 372 667 474 766; x_wconf 78' lang='lat' dir='ltr'>hostes</span> <span class='ocrx_word' id='word_1_30' title='bbox 494 667 674 765; x_wconf 83' lang='lat' dir='ltr'>proficisci,</span> <span class='ocrx_word' id='word_1_31' title='bbox 691 671 843 767; x_wconf 84' lang='lat' dir='ltr'>quamvis</span> <span class='ocrx_word' id='word_1_32' title='bbox 857 673 922 745; x_wconf 87' lang='lat' dir='ltr'>eti··</span> 
     </span>
     <span class='ocr_line' id='line_1_6' title="bbox 102 781 922 880; baseline 0.002 -22"><span class='ocrx_word' id='word_1_33' title='bbox 102 797 117 830; x_wconf 85' lang='lat'><em>‘</em></span> <span class='ocrx_word' id='word_1_34' title='bbox 138 811 193 858; x_wconf 84' lang='lat' dir='ltr'>am</span> <span class='ocrx_word' id='word_1_35' title='bbox 208 781 552 879; x_wconf 66' lang='lat' dir='ltr'>illud&#39;propemodum</span> <span class='ocrx_word' id='word_1_36' title='bbox 566 809 633 879; x_wconf 88' lang='lat' dir='ltr'>pro</span> <span class='ocrx_word' id='word_1_37' title='bbox 645 806 823 880; x_wconf 87' lang='lat' dir='ltr'>comperto</span> <span class='ocrx_word' id='word_1_38' title='bbox 832 786 922 860; x_wconf 61' lang='lat' dir='ltr'>vide*</span> 
     </span>
     <span class='ocr_line' id='line_1_7' title="bbox 102 897 921 982; baseline 0 -8"><span class='ocrx_word' id='word_1_39' title='bbox 102 901 117 946; x_wconf 68' lang='lat'><strong><em>⁴</em></strong></span> <span class='ocrx_word' id='word_1_40' title='bbox 138 922 218 974; x_wconf 88' lang='lat' dir='ltr'>atur</span> <span class='ocrx_word' id='word_1_41' title='bbox 233 897 440 982; x_wconf 86' lang='lat' dir='ltr'>habendum,</span> <span class='ocrx_word' id='word_1_42' title='bbox 451 923 509 972; x_wconf 89' lang='lat' dir='ltr'>eos</span> <span class='ocrx_word' id='word_1_43' title='bbox 523 899 702 972; x_wconf 85' lang='lat' dir='ltr'>nobiscum</span> <span class='ocrx_word' id='word_1_44' title='bbox 714 924 921 974; x_wconf 73' lang='lat' dir='ltr'>manuscom</span> 
     </span>
     <span class='ocr_line' id='line_1_8' title="bbox 102 1013 920 1112; baseline 0.001 -24"><span class='ocrx_word' id='word_1_45' title='bbox 102 1025 116 1064; x_wconf 80' lang='grc'><strong><em>’</em></strong></span> <span class='ocrx_word' id='word_1_46' title='bbox 137 1015 252 1090; x_wconf 88' lang='lat' dir='ltr'>serere</span> <span class='ocrx_word' id='word_1_47' title='bbox 266 1037 335 1088; x_wconf 90' lang='lat' dir='ltr'>non</span> <span class='ocrx_word' id='word_1_48' title='bbox 351 1013 508 1086; x_wconf 86' lang='lat' dir='ltr'>ausuros:</span> <span class='ocrx_word' id='word_1_49' title='bbox 524 1036 594 1086; x_wconf 90' lang='lat' dir='ltr'>non</span> <span class='ocrx_word' id='word_1_50' title='bbox 609 1034 721 1087; x_wconf 87' lang='lat' dir='ltr'>tamen</span> <span class='ocrx_word' id='word_1_51' title='bbox 732 1015 811 1088; x_wconf 85' lang='lat' dir='ltr'>ideo</span> <span class='ocrx_word' id='word_1_52' title='bbox 819 1040 920 1112; x_wconf 70' lang='lat' dir='ltr'>opot³</span> 
     </span>
     <span class='ocr_line' id='line_1_9' title="bbox 102 1127 919 1224; baseline 0.001 -21"><span class='ocrx_word' id='word_1_53' title='bbox 102 1141 116 1176; x_wconf 87' lang='lat'>‘</span> <span class='ocrx_word' id='word_1_54' title='bbox 137 1150 190 1204; x_wconf 89' lang='lat' dir='ltr'>tet</span> <span class='ocrx_word' id='word_1_55' title='bbox 208 1153 271 1202; x_wconf 86' lang='lat' dir='ltr'>nos</span> <span class='ocrx_word' id='word_1_56' title='bbox 294 1129 526 1224; x_wconf 82' lang='lat' dir='ltr'>negligentius</span> <span class='ocrx_word' id='word_1_57' title='bbox 553 1127 730 1202; x_wconf 72' lang='lat' dir='ltr'>instrustos</span> <span class='ocrx_word' id='word_1_58' title='bbox 749 1155 828 1204; x_wconf 87' lang='lat' dir='ltr'>cum</span> <span class='ocrx_word' id='word_1_59' title='bbox 851 1129 919 1204; x_wconf 77' lang='lat' dir='ltr'>illis</span> 
     </span>
     <span class='ocr_line' id='line_1_10' title="bbox 101 1242 918 1344; baseline 0.001 -26"><span class='ocrx_word' id='word_1_60' title='bbox 101 1255 115 1292; x_wconf 82' lang='lat'>‘</span> <span class='ocrx_word' id='word_1_61' title='bbox 136 1269 256 1318; x_wconf 87' lang='lat' dir='ltr'>manus</span> <span class='ocrx_word' id='word_1_62' title='bbox 272 1242 468 1319; x_wconf 84' lang='lat' dir='ltr'>conserere:</span> <span class='ocrx_word' id='word_1_63' title='bbox 484 1242 541 1316; x_wconf 92' lang='lat' dir='ltr'>sed</span> <span class='ocrx_word' id='word_1_64' title='bbox 551 1263 587 1317; x_wconf 94' lang='lat' dir='ltr'>et</span> <span class='ocrx_word' id='word_1_65' title='bbox 597 1245 918 1344; x_wconf 80' lang='lat' dir='ltr'>uniuscujusqueci··</span> 
     </span>
     <span class='ocr_line' id='line_1_11' title="bbox 100 1358 917 1453; baseline -0.001 -19"><span class='ocrx_word' id='word_1_66' title='bbox 100 1371 114 1404; x_wconf 85' lang='lat'><em>‘</em></span> <span class='ocrx_word' id='word_1_67' title='bbox 137 1359 251 1434; x_wconf 80' lang='lat' dir='ltr'>vitatis</span> <span class='ocrx_word' id='word_1_68' title='bbox 275 1377 342 1431; x_wconf 84' lang='lat' dir='ltr'>tam</span> <span class='ocrx_word' id='word_1_69' title='bbox 357 1361 479 1432; x_wconf 90' lang='lat' dir='ltr'>ducem</span> <span class='ocrx_word' id='word_1_70' title='bbox 498 1383 602 1453; x_wconf 88' lang='lat' dir='ltr'>quam</span> <span class='ocrx_word' id='word_1_71' title='bbox 624 1359 779 1442; x_wconf 91' lang='lat' dir='ltr'>militem,</span> <span class='ocrx_word' id='word_1_72' title='bbox 800 1361 836 1431; x_wconf 89' lang='lat' dir='ltr'>in</span> <span class='ocrx_word' id='word_1_73' title='bbox 856 1358 917 1433; x_wconf 90' lang='lat' dir='ltr'>suo</span> 
     </span>
     <span class='ocr_line' id='line_1_12' title="bbox 98 1471 917 1570; baseline 0 -23"><span class='ocrx_word' id='word_1_74' title='bbox 98 1485 114 1522; x_wconf 80' lang='lat'><em>‘</em></span> <span class='ocrx_word' id='word_1_75' title='bbox 134 1474 272 1570; x_wconf 81' lang='lat' dir='ltr'>agmine</span> <span class='ocrx_word' id='word_1_76' title='bbox 287 1472 419 1568; x_wconf 86' lang='lat' dir='ltr'>semper</span> <span class='ocrx_word' id='word_1_77' title='bbox 433 1471 625 1568; x_wconf 63' lang='lat' dir='ltr'>exspestare</span> <span class='ocrx_word' id='word_1_78' title='bbox 639 1473 787 1568; x_wconf 86' lang='lat' dir='ltr'>aliquem</span> <span class='ocrx_word' id='word_1_79' title='bbox 801 1474 837 1545; x_wconf 91' lang='lat' dir='ltr'>in</span> <span class='ocrx_word' id='word_1_80' title='bbox 851 1475 917 1547; x_wconf 72' lang='lat' dir='ltr'>dio</span> 
     </span>
     <span class='ocr_line' id='line_1_13' title="bbox 99 1583 917 1664; baseline -0.005 0"><span class='ocrx_word' id='word_1_81' title='bbox 99 1597 113 1634; x_wconf 87' lang='lat'>‘</span> <span class='ocrx_word' id='word_1_82' title='bbox 134 1590 266 1664; x_wconf 85' lang='lat' dir='ltr'>crimen</span> <span class='ocrx_word' id='word_1_83' title='bbox 281 1583 348 1661; x_wconf 82' lang='lat' dir='ltr'>esse</span> <span class='ocrx_word' id='word_1_84' title='bbox 362 1609 555 1662; x_wconf 83' lang='lat' dir='ltr'>venturum.</span> <span class='ocrx_word' id='word_1_85' title='bbox 575 1587 671 1661; x_wconf 88' lang='lat' dir='ltr'>Nam</span> <span class='ocrx_word' id='word_1_86' title='bbox 680 1587 832 1660; x_wconf 86' lang='lat' dir='ltr'>conditio</span> <span class='ocrx_word' id='word_1_87' title='bbox 845 1587 917 1662; x_wconf 85' lang='lat' dir='ltr'>bel·</span> 
     </span>
     <span class='ocr_line' id='line_1_14' title="bbox 97 1701 919 1801; baseline 0 -25"><span class='ocrx_word' id='word_1_88' title='bbox 97 1712 111 1750; x_wconf 82' lang='lat'><em>‘</em></span> <span class='ocrx_word' id='word_1_89' title='bbox 133 1703 248 1778; x_wconf 88' lang='lat' dir='ltr'>lorum</span> <span class='ocrx_word' id='word_1_90' title='bbox 268 1701 316 1776; x_wconf 91' lang='lat' dir='ltr'>est</span> <span class='ocrx_word' id='word_1_91' title='bbox 335 1727 469 1799; x_wconf 83' lang='lat' dir='ltr'>auceps,</span> <span class='ocrx_word' id='word_1_92' title='bbox 498 1721 534 1774; x_wconf 92' lang='lat' dir='ltr'>et</span> <span class='ocrx_word' id='word_1_93' title='bbox 552 1703 757 1801; x_wconf 84' lang='lat' dir='ltr'>pierumque</span> <span class='ocrx_word' id='word_1_94' title='bbox 775 1727 794 1773; x_wconf 89' lang='lat' dir='ltr'>a</span> <span class='ocrx_word' id='word_1_95' title='bbox 813 1727 919 1800; x_wconf 74' lang='lat' dir='ltr'>parra</span> 
     </span>
     <span class='ocr_line' id='line_1_15' title="bbox 96 1818 915 1917; baseline -0.002 -24"><span class='ocrx_word' id='word_1_96' title='bbox 96 1831 111 1864; x_wconf 84' lang='lat'><em>‘</em></span> <span class='ocrx_word' id='word_1_97' title='bbox 132 1842 235 1893; x_wconf 88' lang='lat' dir='ltr'>manu</span> <span class='ocrx_word' id='word_1_98' title='bbox 251 1838 285 1892; x_wconf 93' lang='lat' dir='ltr'>et</span> <span class='ocrx_word' id='word_1_99' title='bbox 300 1842 424 1915; x_wconf 85' lang='lat' dir='ltr'>magno</span> <span class='ocrx_word' id='word_1_100' title='bbox 436 1818 539 1891; x_wconf 82' lang='lat' dir='ltr'>animi</span> <span class='ocrx_word' id='word_1_101' title='bbox 555 1822 679 1893; x_wconf 89' lang='lat' dir='ltr'>ardore</span> <span class='ocrx_word' id='word_1_102' title='bbox 692 1819 794 1915; x_wconf 91' lang='lat' dir='ltr'>primi</span> <span class='ocrx_word' id='word_1_103' title='bbox 807 1820 915 1917; x_wconf 70' lang='lat' dir='ltr'>imped</span> 
     </span>
     <span class='ocr_line' id='line_1_16' title="bbox 97 1932 914 2030; baseline 0 -22"><span class='ocrx_word' id='word_1_104' title='bbox 97 1944 111 1979; x_wconf 88' lang='lat'>‘</span> <span class='ocrx_word' id='word_1_105' title='bbox 127 1956 184 2008; x_wconf 86' lang='lat' dir='ltr'>tus</span> <span class='ocrx_word' id='word_1_106' title='bbox 197 1933 309 2007; x_wconf 65' lang='lat' dir='ltr'>fiunti</span> <span class='ocrx_word' id='word_1_107' title='bbox 327 1932 424 2028; x_wconf 86' lang='lat' dir='ltr'>saepe</span> <span class='ocrx_word' id='word_1_108' title='bbox 435 1934 536 2007; x_wconf 88' lang='lat' dir='ltr'>etiam</span> <span class='ocrx_word' id='word_1_109' title='bbox 551 1934 664 2007; x_wconf 88' lang='lat' dir='ltr'>minor</span> <span class='ocrx_word' id='word_1_110' title='bbox 679 1958 809 2017; x_wconf 85' lang='lat' dir='ltr'>manus,</span> <span class='ocrx_word' id='word_1_111' title='bbox 823 1950 914 2030; x_wconf 81' lang='lat' dir='ltr'>quae</span> 
     </span>
     <span class='ocr_line' id='line_1_17' title="bbox 99 2046 913 2145; baseline -0.001 -23"><span class='ocrx_word' id='word_1_112' title='bbox 99 2060 111 2093; x_wconf 82' lang='lat'><em>‘</em></span> <span class='ocrx_word' id='word_1_113' title='bbox 133 2050 243 2132; x_wconf 90' lang='lat' dir='ltr'>timet,</span> <span class='ocrx_word' id='word_1_114' title='bbox 259 2050 422 2145; x_wconf 85' lang='lat' dir='ltr'>majorem</span> <span class='ocrx_word' id='word_1_115' title='bbox 436 2046 561 2121; x_wconf 82' lang='lat' dir='ltr'>fortius</span> <span class='ocrx_word' id='word_1_116' title='bbox 577 2048 798 2144; x_wconf 85' lang='lat' dir='ltr'>propulsavit,</span> <span class='ocrx_word' id='word_1_117' title='bbox 818 2050 913 2143; x_wconf 89' lang='lat' dir='ltr'>quod</span> 
     </span>
     <span class='ocr_line' id='line_1_18' title="bbox 97 2148 911 2263; baseline -0.006 -25"><span class='ocrx_word' id='word_1_118' title='bbox 97 2164 111 2209; x_wconf 52' lang='lat' dir='ltr'>s</span> <span class='ocrx_word' id='word_1_119' title='bbox 131 2184 277 2260; x_wconf 88' lang='lat' dir='ltr'>propter</span> <span class='ocrx_word' id='word_1_120' title='bbox 294 2148 393 2260; x_wconf 77' lang='lat' dir='ltr'>hostii</span> <span class='ocrx_word' id='word_1_121' title='bbox 411 2164 676 2263; x_wconf 68' lang='lat' dir='ltr'>contemtionem</span> <span class='ocrx_word' id='word_1_122' title='bbox 699 2159 782 2235; x_wconf 85' lang='lat' dir='ltr'>effer</span> <span class='ocrx_word' id='word_1_123' title='bbox 806 2163 911 2258; x_wconf 77' lang='lat' dir='ltr'>impr·</span> 
     </span>
     <span class='ocr_line' id='line_1_19' title="bbox 98 2274 912 2378; baseline -0.001 -28"><span class='ocrx_word' id='word_1_124' title='bbox 98 2288 112 2321; x_wconf 82' lang='lat'><strong><em>¹</em></strong></span> <span class='ocrx_word' id='word_1_125' title='bbox 133 2299 216 2351; x_wconf 66' lang='lat' dir='ltr'>rata·</span> <span class='ocrx_word' id='word_1_126' title='bbox 245 2278 398 2373; x_wconf 90' lang='lat' dir='ltr'>Oportet</span> <span class='ocrx_word' id='word_1_127' title='bbox 411 2297 526 2351; x_wconf 90' lang='lat' dir='ltr'>autem</span> <span class='ocrx_word' id='word_1_128' title='bbox 545 2278 581 2349; x_wconf 91' lang='lat' dir='ltr'>in</span> <span class='ocrx_word' id='word_1_129' title='bbox 597 2274 712 2350; x_wconf 89' lang='lat' dir='ltr'>hostili</span> <span class='ocrx_word' id='word_1_130' title='bbox 727 2302 808 2378; x_wconf 83' lang='lat' dir='ltr'>agro</span> <span class='ocrx_word' id='word_1_131' title='bbox 826 2278 912 2351; x_wconf 86' lang='lat' dir='ltr'>mili-</span> 
     </span>
     <span class='ocr_line' id='line_1_20' title="bbox 97 2381 914 2489; baseline -0.002 -23"><span class='ocrx_word' id='word_1_132' title='bbox 97 2404 111 2438; x_wconf 83' lang='lat'>‘</span> <span class='ocrx_word' id='word_1_133' title='bbox 134 2414 185 2466; x_wconf 88' lang='lat' dir='ltr'>tes</span> <span class='ocrx_word' id='word_1_134' title='bbox 200 2392 320 2467; x_wconf 83' lang='lat' dir='ltr'>animis</span> <span class='ocrx_word' id='word_1_135' title='bbox 334 2381 472 2489; x_wconf 80' lang='lat' dir='ltr'>quidem</span> <span class='ocrx_word' id='word_1_136' title='bbox 486 2391 619 2486; x_wconf 89' lang='lat' dir='ltr'>semper</span> <span class='ocrx_word' id='word_1_137' title='bbox 632 2388 699 2464; x_wconf 86' lang='lat' dir='ltr'>esse</span> <span class='ocrx_word' id='word_1_138' title='bbox 712 2390 914 2464; x_wconf 64' lang='lat' dir='ltr'>confidenti:</span> 
     </span>
     <span class='ocr_line' id='line_1_21' title="bbox 97 2508 911 2603; baseline -0.002 -24"><span class='ocrx_word' id='word_1_139' title='bbox 97 2519 111 2551; x_wconf 87' lang='lat'>‘</span> <span class='ocrx_word' id='word_1_140' title='bbox 133 2508 217 2579; x_wconf 69' lang='lat' dir='ltr'>bust</span> <span class='ocrx_word' id='word_1_141' title='bbox 238 2528 271 2579; x_wconf 90' lang='lat' dir='ltr'>at</span> <span class='ocrx_word' id='word_1_142' title='bbox 286 2509 328 2581; x_wconf 91' lang='lat' dir='ltr'>ad</span> <span class='ocrx_word' id='word_1_143' title='bbox 344 2532 415 2581; x_wconf 90' lang='lat' dir='ltr'>rem</span> <span class='ocrx_word' id='word_1_144' title='bbox 429 2508 628 2603; x_wconf 85' lang='lat' dir='ltr'>gerendam,</span> <span class='ocrx_word' id='word_1_145' title='bbox 651 2522 729 2577; x_wconf 88' lang='lat' dir='ltr'>cum</span> <span class='ocrx_word' id='word_1_146' title='bbox 745 2516 841 2577; x_wconf 81' lang='lat' dir='ltr'>metu</span> <span class='ocrx_word' id='word_1_147' title='bbox 855 2519 911 2600; x_wconf 55' lang='lat' dir='ltr'>paa</span> 
     </span>
     <span class='ocr_line' id='line_1_22' title="bbox 97 2610 913 2697; baseline -0.002 -2"><span class='ocrx_word' id='word_1_148' title='bbox 97 2634 110 2667; x_wconf 86' lang='lat'>‘</span> <span class='ocrx_word' id='word_1_149' title='bbox 132 2642 224 2697; x_wconf 81' lang='lat' dir='ltr'>ratos</span> <span class='ocrx_word' id='word_1_150' title='bbox 239 2618 315 2696; x_wconf 82' lang='lat' dir='ltr'>esse.</span> <span class='ocrx_word' id='word_1_151' title='bbox 344 2620 400 2696; x_wconf 87' lang='lat' dir='ltr'>Sic</span> <span class='ocrx_word' id='word_1_152' title='bbox 414 2610 505 2695; x_wconf 89' lang='lat' dir='ltr'>enim</span> <span class='ocrx_word' id='word_1_153' title='bbox 524 2642 559 2694; x_wconf 89' lang='lat' dir='ltr'>et</span> <span class='ocrx_word' id='word_1_154' title='bbox 573 2624 616 2693; x_wconf 90' lang='lat' dir='ltr'>ad</span> <span class='ocrx_word' id='word_1_155' title='bbox 630 2621 837 2693; x_wconf 80' lang='lat' dir='ltr'>invadendos</span> <span class='ocrx_word' id='word_1_156' title='bbox 850 2615 913 2693; x_wconf 63' lang='lat' dir='ltr'>hoa</span> 
     </span>
     <span class='ocr_line' id='line_1_23' title="bbox 97 2732 912 2831; baseline -0.004 -21"><span class='ocrx_word' id='word_1_157' title='bbox 97 2748 111 2781; x_wconf 92' lang='lat'>‘</span> <span class='ocrx_word' id='word_1_158' title='bbox 132 2734 199 2810; x_wconf 86' lang='lat' dir='ltr'>stes</span> <span class='ocrx_word' id='word_1_159' title='bbox 217 2736 335 2809; x_wconf 83' lang='lat' dir='ltr'>animis</span> <span class='ocrx_word' id='word_1_160' title='bbox 354 2753 456 2810; x_wconf 78' lang='lat' dir='ltr'>erunt</span> <span class='ocrx_word' id='word_1_161' title='bbox 475 2732 679 2831; x_wconf 81' lang='lat' dir='ltr'>paratissimi,</span> <span class='ocrx_word' id='word_1_162' title='bbox 699 2755 735 2809; x_wconf 88' lang='lat' dir='ltr'>et</span> <span class='ocrx_word' id='word_1_163' title='bbox 753 2734 912 2807; x_wconf 74' lang='lat' dir='ltr'>adversm</span> 
     </span>
     <span class='ocr_line' id='line_1_24' title="bbox 95 2846 914 2947; baseline -0.002 -24"><span class='ocrx_word' id='word_1_164' title='bbox 95 2862 109 2895; x_wconf 89' lang='lat'>‘</span> <span class='ocrx_word' id='word_1_165' title='bbox 132 2848 281 2927; x_wconf 88' lang='lat' dir='ltr'>hostium</span> <span class='ocrx_word' id='word_1_166' title='bbox 296 2873 436 2925; x_wconf 82' lang='lat' dir='ltr'>conatus</span> <span class='ocrx_word' id='word_1_167' title='bbox 455 2875 493 2923; x_wconf 82' lang='lat' dir='ltr'>ac</span> <span class='ocrx_word' id='word_1_168' title='bbox 508 2853 674 2947; x_wconf 86' lang='lat' dir='ltr'>impetum</span> <span class='ocrx_word' id='word_1_169' title='bbox 692 2846 914 2924; x_wconf 76' lang='lat' dir='ltr'>munitissimi.-</span> 
     </span>
     <span class='ocr_line' id='line_1_25' title="bbox 96 2952 911 3060; baseline -0.007 -21"><span class='ocrx_word' id='word_1_170' title='bbox 96 2976 111 3011; x_wconf 83' lang='lat'><em>‘</em></span> <span class='ocrx_word' id='word_1_171' title='bbox 132 2964 212 3039; x_wconf 87' lang='lat' dir='ltr'>Nos</span> <span class='ocrx_word' id='word_1_172' title='bbox 236 2992 319 3041; x_wconf 85' lang='lat' dir='ltr'>vero</span> <span class='ocrx_word' id='word_1_173' title='bbox 346 2966 505 3041; x_wconf 83' lang='lat' dir='ltr'>adversus</span> <span class='ocrx_word' id='word_1_174' title='bbox 525 2952 698 3040; x_wconf 67' lang='lat' dir='ltr'>ciuitatem</span> <span class='ocrx_word' id='word_1_175' title='bbox 730 2962 911 3060; x_wconf 85' lang='lat' dir='ltr'>proficisci·-</span> 
     </span>
    </p>
   </div>
   <div class='ocr_carea' id='block_1_2' title="bbox 97 3076 912 3181">
    <p class='ocr_par' dir='ltr' id='par_1_2' title="bbox 97 3076 912 3181">
     <span class='ocr_line' id='line_1_26' title="bbox 97 3076 912 3181; baseline -0.004 -26"><span class='ocrx_word' id='word_1_176' title='bbox 97 3090 112 3127; x_wconf 83' lang='lat'><em>‘</em></span> <span class='ocrx_word' id='word_1_177' title='bbox 132 3104 222 3167; x_wconf 86' lang='lat' dir='ltr'>mur,</span> <span class='ocrx_word' id='word_1_178' title='bbox 232 3104 321 3181; x_wconf 80' lang='lat' dir='ltr'>quae</span> <span class='ocrx_word' id='word_1_179' title='bbox 333 3106 403 3159; x_wconf 82' lang='lat' dir='ltr'>nou</span> <span class='ocrx_word' id='word_1_180' title='bbox 418 3080 467 3158; x_wconf 85' lang='lat' dir='ltr'>est</span> <span class='ocrx_word' id='word_1_181' title='bbox 481 3083 566 3159; x_wconf 79' lang='lat' dir='ltr'>adeo</span> <span class='ocrx_word' id='word_1_182' title='bbox 576 3076 722 3166; x_wconf 76' lang='lat' dir='ltr'>infirma,</span> <span class='ocrx_word' id='word_1_183' title='bbox 732 3100 772 3154; x_wconf 90' lang='lat' dir='ltr'>ut</span> <span class='ocrx_word' id='word_1_184' title='bbox 781 3076 912 3153; x_wconf 78' lang='lat' dir='ltr'>bellum</span> 
     </span>
    </p>
   </div>
   <div class='ocr_carea' id='block_1_3' title="bbox 0 0 1154 3600">
    <p class='ocr_par' dir='ltr' id='par_1_3' title="bbox 0 0 1154 3600">
     <span class='ocr_line' id='line_1_27' title="bbox 0 0 1154 3600; baseline 0 2"><span class='ocrx_word' id='word_1_185' title='bbox 0 0 1154 3600; x_wconf 95' lang='lat' dir='ltr'> </span> 
     </span>
    </p>
   </div>
  </div>
 </body>
</html>
