2300 3600
237 169 310 262 ata
410 173 865 283 THUCYD.·11.79:

234 335 315 386 runt
331 309 685 408 Chalcidensibus,qui
698 313 820 385 suntin
832 312 1001 396 Thracia;
1009 333 1048 388 et

233 427 411 510 Bottiaeis,
430 417 607 499 frumento
615 414 849 525 jammaturo.
876 426 946 498 His
960 449 1050 500 vero

233 563 389 639 praeerat
399 541 594 636 Xenophon
603 540 777 636 Euripidis
779 539 973 638 filius,cum
981 544 1048 613 du*

234 655 320 742 obus
335 657 407 727 aliis
421 656 573 727 ducibuS.
603 655 692 726 Cum
711 677 825 727 autem
843 657 885 726 ad
903 655 1050 748 Sparto⁴‘

234 756 308 843 lum
323 771 490 844 Bottieam
504 771 617 864 copias
630 767 811 852 duxissent,
831 768 1046 842 frumentum

234 895 474 980 corruperunt⁴
503 884 603 956 Haec
621 891 734 956 antem
753 884 869 955 civitas
889 889 1046 976 quorun·
1129 885 1131 895 ’

235 1003 313 1073 dam
327 1000 451 1072 civium
466 1022 582 1092 opera,
592 989 651 1091 qui
662 999 728 1070 hoe
737 997 976 1080 moliebantur,
985 1000 1046 1070 de-

234 1115 399 1186 ditionem
413 1111 539 1182 fanum
556 1112 744 1184 uidebatur.
757 1111 825 1183 Sed
835 1137 912 1184 cum
923 1114 1048 1182 adver·

1129 810 1131 873 t

1129 1132 1131 1231 l

221 1227 290 1327 sae
302 1221 468 1323 sallionis
492 1223 647 1310 hmines,
671 1227 730 1320 qui
750 1225 834 1297 haec
846 1224 929 1324 pati
946 1226 1047 1299 nole-²
1129 1234 1130 1293 l

236 1341 329 1426 bant,
346 1340 541 1437 Olynthum
556 1339 687 1412 nuntios
702 1338 866 1412 auxilium
874 1338 1046 1438 petituros

235 1479 315 1529 ante
329 1453 507 1538 misissent,.
515 1456 630 1549 gravis
644 1471 833 1528 armaturae
845 1442 970 1527 milites
984 1479 1047 1527 ve·
1129 1492 1130 1503 κ

235 1565 374 1654 nerunt,
385 1591 419 1642 et
429 1566 579 1670 reliqum
587 1568 757 1644 exereitus
770 1570 813 1640 ad
827 1568 923 1640 urbis
934 1567 1046 1640 custo⁴

234 1686 341 1756 diam..
364 1682 441 1781 Qui
460 1707 537 1754 cum
556 1681 715 1778 Spartolo
732 1683 889 1756 adversus
909 1681 1048 1756 hostem

234 1793 422 1895 prodiisset,
441 1793 668 1871 Athenienses
686 1798 854 1891 proelium
872 1800 914 1869 ad
937 1796 1046 1891 ipsam

234 1912 356 2004 urbem
370 1937 439 1983 cum
454 1937 486 1981 eo
500 1911 748 1984 commiserunt.
776 1912 823 1984 Et
837 1910 1045 1983 Chalcidena
1129 1961 1130 1964 ,

234 2028 317 2101 sium
331 2026 442 2122 gravis
457 2047 637 2109 armatura,
658 2048 692 2097 et
711 2050 788 2097 cum
803 2026 869 2097 illis
882 2027 1047 2099 nonnulli

235 2142 405 2214 auxiliarii
419 2141 541 2213 militet
556 2140 599 2211 ab
617 2138 879 2214 Atheniensibus
898 2141 1045 2211 tincun-
1129 2115 1130 2174 l

235 2257 309 2338 tut,'
322 2276 356 2326 et
371 2256 405 2325 in
420 2252 540 2327 urbem
554 2252 623 2326 sese
638 2243 817 2347 recipiunt.
837 2253 1045 2327 Chalciden·
1129 2291 1130 2340 4

160 2390 162 2395 ’
233 2368 318 2442 fium
331 2392 414 2441 uero
429 2369 668 2462 equitatus,'ac
686 2368 769 2439 levis
783 2376 951 2479 armatura
966 2369 1045 2440 vin-

234 2485 282 2556 cit
297 2481 552 2559 Atheniensium
563 2481 763 2575 equitatum,
774 2483 1044 2571 etleuemarma·

236 2619 357 2669 turam.
400 2594 630 2692 Chalcidetfis
650 2614 763 2668 autem
786 2596 955 2668 habebant
978 2598 1043 2667 ali·

233 2732 333 2806 quot,
352 2716 422 2782 non'
442 2710 566 2781 multos
584 2714 705 2793 tamen,
725 2719 871 2783 cetratos
884 2736 928 2783 ex
941 2734 1042 2805 agro,
1129 2747 1131 2770 r

234 2824 296 2921 qui
311 2824 422 2897 Crufis
444 2824 647 2917 appellatur,
671 2846 907 2920 cumque-uon
931 2825 1046 2898 multo

234 2958 313 3033 aute
327 2939 495 3034 proelium
504 2935 848 3022 commissumsuiffet,
858 2939 922 3011 alia
931 2944 1044 3016 cetra·

235 3073 350 3127 torum
363 3076 492 3135 manus,
513 3049 790 3148 Olyntho'mtffa,
803 3050 882 3149 suis
891 3051 1046 3126 subsidio

233 3167 338 3242 teuit.
375 3166 483 3250 Tune
497 3164 676 3243 teroletis
690 3186 880 3244 armaturae
902 3166 1044 3253 militet,
