2300 3600
15 3342 29 3547 i

266 233 726 345 Tnucrnmpp
769 325 773 327 n
821 255 910 350 275'

84 368 226 453 flumen.
255 377 322 452 hoc
337 397 451 450 autem
468 373 547 448 fluit
562 396 610 448 ex
628 378 749 450 eodem
768 396 905 464 monte,

84 519 129 566 ex
139 519 210 588 quo
219 492 349 566 Nestus
361 514 395 565 et
406 491 528 564 Ebrue.
548 490 605 563 hic
615 511 730 571 autem
741 517 838 566 mons
850 494 899 568 est

84 629 120 682 et
135 608 288 712 desertus
299 629 333 680 et
343 626 498 702 magum,
510 626 544 678 et
554 603 746 703 Rhodopae
750 608 899 706 junceus,

149 745 212 818 97.
242 715 325 795 Fuit
345 743 460 794 autem
479 717 898 816 Odrysarum‘imperium

80 839 373 933 magnitudinem
383 857 475 908 mare
485 835 625 930 quidem
635 835 845 932 pertingens,
854 839 899 910 nb

37 941 41 951 ¹
80 953 170 1025 urbe
185 952 334 1027 Abderis
349 953 390 1024 ad
399 949 553 1023 Pontum
563 948 750 1034 Euxinum,
766 955 808 1029 ad
822 958 898 1026 en'm'

53 1138 56 1141 ,
81 1079 194 1162 usque
209 1080 429 1162 partem,qua
445 1063 533 1138 Ister
546 1063 671 1137 fluvius
682 1067 717 1139 in
728 1065 836 1162 ipsum
848 1069 897 1140 im

81 1167 171 1255 fluit,
202 1181 303 1255 Haec
316 1199 389 1265 ora,
404 1200 471 1276 qua
486 1178 603 1252 cursus
617 1181 896 1277 compendiofiffi·

80 1317 157 1368 mus
176 1299 296 1381 datur,
317 1296 392 1368 navi
414 1295 560 1367 rotunda
579 1293 689 1390 potest
709 1296 847 1380 ambiri,
872 1295 901 1370 ss'
957 1302 959 1313 '

80 1422 205 1484 ‘ventus
219 1430 237 1482 a
252 1403 359 1507 puppi
378 1408 510 1504 semper
523 1407 640 1504 spiret,
659 1424 809 1504 quatuor
822 1411 897 1484 die·

80 1545 160 1598 rum
175 1546 210 1598 et
225 1521 366 1598 totidem
381 1525 530 1598 noctium
545 1522 663 1617 spatio.
690 1521 823 1596 Itinere
838 1547 896 1598 ve⁴
925 1578 927 1583 -

82 1665 124 1712 ro
139 1629 304 1725 terrestri,
314 1659 380 1735 qua
391 1629 746 1734 compendiofiffimum
756 1636 805 1712 est
815 1640 895 1726 iter,

80 1755 125 1827 ab
134 1755 284 1829 Abderis
294 1757 336 1828 ad
346 1752 473 1827 Istrum
483 1741 726 1850 virexpeditus
736 1751 824 1826 intra
835 1779 897 1828 un·
1002 1799 1004 1802 -

79 1871 193 1945 decim
206 1871 278 1943 dies
292 1870 473 1965 pervenire
487 1862 608 1963 potest.
627 1887 730 1964 atque
741 1870 896 1967 ejusqui*

80 1988 162 2058 dem
175 1982 357 2081 longitudo
371 2007 464 2057 mare
478 1982 594 2056 versus
613 1982 697 2059 haec
717 2006 799 2056 erat.
827 1983 897 2057 Per

78 2096 253 2174 locavero
268 2102 527 2182 mediterranea,
547 2122 565 2169 a
586 2094 754 2193 Byzantio
769 2099 810 2168 ad
825 2097 895 2169 Le-

77 2202 172 2299 ucoe,
193 2218 283 2287 etad
299 2216 516 2311 Strymonem
531 2208 627 2307 (hinc
642 2204 732 2296 enim
747 2206 896 2308 longini*

80 2349 158 2403 mus
172 2328 220 2401 est
234 2352 253 2399 a
267 2330 351 2401 mari
366 2328 489 2399 tracius
505 2328 539 2398 in
549 2325 623 2397 loca'
633 2320 904 2423 mediterianea)

81 2442 193 2516 viator
203 2444 381 2539 expeditus
391 2443 479 2517 intra
490 2434 734 2515 tredecimdies
744 2437 896 2515 itercon·

80 2558 186 2633 ficere
200 2556 320 2653 potest.
341 2558 380 2629 T
383 2557 535 2629 ributum
550 2575 701 2651 quoque,
716 2558 810 2650 quod
824 2557 896 2628 col·

81 2668 255 2768 ligebatur
274 2698 317 2745 ex
337 2693 411 2745 toto
430 2670 653 2746 barbarorum
672 2690 769 2765 agro,
797 2689 832 2743 et
852 2695 898 2743 ex

84 2786 228 2859 Graecis
248 2787 441 2861 civitatibus
461 2784 591 2859 Seuthe
610 2805 788 2879 regnante,
811 2782 901 2879 (qui
999 2793 1004 2801 '

82 2899 157 2995 post
172 2898 332 2974 Sitalcem
348 2925 456 2997 regno
475 2900 604 2995 potitus
623 2895 657 2970 id
677 2898 821 2971 maxime
835 2918 900 2971 aus

83 3014 149 3111 xit)
163 3018 255 3089 omni
271 3016 345 3088 auri
361 3036 396 3087 et-
410 3014 543 3111 argcnti
559 3014 673 3109 pretio
686 3016 728 3087 ad
744 3010 897 3085 aestima*

68 3158 72 3168 ¹
86 3130 214 3203 tionem
229 3132 451 3227 pecuniarum
467 3148 638 3211 revocato,
647 3127 897 3223 quadringenta

87 3242 196 3319 ferme
211 3248 337 3319 talenta
352 3244 495 3319 valebat.
518 3268 582 3316 nec
597 3242 650 3315 his
664 3237 823 3338 pauciora
837 3261 897 3314 cur

461 3354 536 3433 Su
