2300 3600
251 183 714 295 THUctn.1³t.9a
814 216 889 296 155

64 333 167 409 hiant
182 328 410 404 Athenienses
425 331 461 402 in
474 329 546 402 finu
562 352 597 402 et
610 329 716 404 matis
731 332 894 429 angustiis

67 470 195 521 contra
206 445 294 540 ipsos
308 471 376 518 non
393 444 590 527 tendebant,
601 469 680 520 etun
693 467 754 520 eor
768 447 895 532 invitor

69 563 242 636 infinum
266 563 456 655 producere
478 559 621 644 vellent,
648 558 759 633 statim
781 563 897 655 ptimo

71 678 236 754 diluculo·
248 673 405 753 instrata
419 663 517 748 classe
532 674 566 746 in
582 669 730 755 ordines,
746 696 895 770 quorum

71 785 199 886 singuli
214 799 395 884 quaternas
409 812 510 862 naves
526 788 709 869 habebant,
718 813 822 883 portu
833 790 894 864 sol*

74 928 209 988 ventes,
235 903 381 978 insnum
398 914 531 999 agrum,
553 903 642 978 intra
662 902 832 1001 Crffiteum
855 906 896 976 sto·

74 1046 162 1094 nom
177 1019 337 1114 navigare
352 1039 552 1112 coeperunt,
564 1022 688 1093 dextro
697 1003 804 1092 cornu
815 1045 898 1114 pro⁴⁸

75 1139 235 1217 cedente,
248 1135 333 1208 sient
348 1135 448 1209 etiam
464 1134 499 1206 in
510 1129 653 1206 statione
663 1131 836 1208 steterant.
850 1134 896 1208 In

76 1249 147 1323 hoc
166 1269 280 1330 antem
294 1267 403 1332 cornu,
424 1246 546 1344 viginti
561 1246 824 1320 naves'maxima
840 1275 894 1322 ce*

76 1365 217 1438 lenitate
232 1364 400 1458 praeditas
415 1361 677 1445 constituerunt,
692 1383 744 1446 ut,
764 1361 897 1436 sisorte

76 1478 256 1563 Phormio,
268 1499 360 1550 ratus
372 1476 460 1572 ipsos
470 1477 688 1572 Naupastnm
699 1477 813 1550 tersus
823 1499 897 1550 ten*

78 1597 176 1676 dete,
188 1592 257 1688 ipse
273 1581 412 1687 qnoque
426 1592 490 1664 hae
502 1592 567 1664 it'er
581 1589 723 1676 faceret,
736 1613 835 1687 opem
850 1593 895 1666 la·

79 1713 196 1791 turus,
215 1706 442 1780 Athenienses
457 1705 592 1778 suarum
606 1707 744 1780 natium
759 1705 899 1804 impres«

78 1824 208 1897 fionem
227 1844 323 1895 extra
346 1823 442 1895 suunt
466 1808 574 1897 cornn
595 1824 703 1895 vitate
725 1849 795 1896 non
820 1822 896 1918 pose

80 1938 175 2027 sent5
196 1935 253 2012 sed
267 1939 331 2009 hae
343 1936 431 2033 ipsae
442 1962 542 2009 naves
554 1963 603 2008 eos
616 1938 899 2035 intercluderent,-

81 2052 150 2127 Ille
165 2076 260 2134 vero,
276 2052 338 2148 (id,
353 2054 446 2149 quod
461 2049 510 2124 illi
527 2048 774 2148 exspeslabant)
788 2072 896 2125 metu·

81 2193 143 2241 ens
158 2166 289 2261 oppido
304 2168 471 2261 praefidiis
490 2169 630 2248 nodato,
651 2164 827 2264 postquam
846 2166 896 2237 ti·

81 2282 134 2353 dit
145 2307 202 2355 eos
212 2282 422 2377 navigantem
435 2282 572 2362 invitat,
584 2301 618 2351 et
628 2269 827 2353 festinanter
837 2282 897 2352 mit

82 2396 202 2467 litibus
223 2396 258 2466 in
281 2406 381 2467 nares
402 2394 560 2489 impositis
580 2400 675 2470 or'ain
694 2397 897 2469 maritimam

83 2511 202 2605 legere
213 2510 335 2604 coepit.
351 2508 459 2581 Simul
470 2510 571 2581 etiam
582 2506 830 2582 Messeniorum
841 2525 896 2605 pe·

83 2624 329 2697 ditatns'oram
348 2624 548 2695 maritimam
574 2622 737 2717 sequutns
762 2626 898 2713 aderat,

85 2760 125 2813 ut
140 2739 208 2811 suis
222 2764 323 2833 opem
333 2736 451 2810 ferret.
466 2734 700 2833 Peloponnesii
711 2761 807 2823 vero,
817 2761 897 2815 cnm

86 2876 147 2927 eos
162 2854 264 2925 unico
278 2879 386 2926 cornu
401 2854 503 2948 longa
522 2854 660 2925 navium
678 2847 778 2938 serie,
797 2855 843 2926 ita
858 2874 897 2926 nt

86 2968 237 3063 singulae
250 2968 393 3064 singulas
405 2967 644 3062 seqnerentu-r,
662 2989 700 3041 et
718 2970 788 3068 jam
809 2969 898 3040 intra

86 3082 205 3168 haurn,
221 3104 256 3156 et
266 3108 374 3182 prope
384 3103 511 3157 tertam
520 3082 719 3179 navigantes
729 3078 898 3165 vidissent,
