2300 3600
249 234 746 320 THUCYD.11.101.·
814 247 905 336 287

88 365 333 458 Macedoniam
347 369 515 469 procedit,
525 395 616 469 quae
630 369 810 459 adPellae,
822 372 910 472 Cyt-

91 493 219 588 thique
242 491 397 562 dextram
416 491 517 588 jacet.
561 487 630 562 Sed
647 487 739 562 intra
757 487 855 575 haec,
874 492 911 566 in

92 601 912 702 BottiaeametPietiamnonintramnttatMyg·

93 722 245 804 doniam,
257 715 487 802 Gteston'iam,
499 737 534 791 et
544 716 818 792 Anthemuntem
827 716 911 792 diri-

94 854 258 932 puerunt.
301 831 512 907 Macedones
541 853 626 906 veto
648 857 693 907 ne
716 834 913 930 cogitarunt

95 950 237 1046 quidem
251 942 406 1043 peditatu
423 943 594 1037 refistere3
612 945 670 1022 sed
689 948 797 1022 accito
814 951 912 1045 equi·

96 1084 172 1138 tatu
186 1087 204 1136 a
221 1062 331 1145 sociis,
351 1063 412 1158 qui
435 1063 508 1136 loca
522 1061 771 1138 mediterranea
785 1063 913 1138 incole·

99 1173 194 1263 bant,
215 1178 274 1250 ubi
295 1178 475 1251 videbatur
489 1178 691 1262 commodum,
710 1178 809 1274 pauci
825 1179 914 1252 mul·

99 1309 153 1368 tos
162 1293 287 1376 adorti,
298 1293 333 1364 in
344 1291 453 1387 ipsum
464 1290 647 1364 Thracum
657 1293 915 1381 exercitumim·

100 1431 186 1505 petu
200 1405 421 1480 ferebantur:
442 1425 557 1502 etqua
573 1403 820 1500 impreffionem
835 1405 916 1480 faci

100 1524 218 1606 ebant,
227 1521 342 1596 nuilus
357 1521 508 1605 illorum,
519 1540 641 1614 utpote
651 1521 806 1617 eqnitum
820 1546 917 1618 egre·

101 1639 240 1734 giorum
252 1657 286 1709 et
296 1636 530 1721 loricatorum,
540 1631 707 1730 impetum
715 1635 919 1712 sustinebat:

104 1751 163 1827 sed
173 1749 321 1827 hostium
331 1751 552 1827 multitudine
561 1751 798 1837 circumventi,
807 1752 845 1827 in
853 1751 919 1826 die·

104 1867 235 1941 crimen
250 1864 284 1939 se
297 1866 522 1965 conjiciebant
535 1885 679 1961 propter
697 1892 817 1942 eorum
830 1868 919 1943 mni·

107 1981 289 2057 titudinem
304 1978 412 2076 ionge—
422 1980 699 2055 numerofiotem.
710 1980 834 2081 Qtare
848 2004 921 2055 tan·

105 2098 186 2169 dem
200 2092 314 2171 hostes
329 2092 487 2169 lacessere
501 2094 683 2179 defiernnt,
698 2098 792 2193 quod
806 2095 921 2171 existi·

108 2230 254 2293 merent,
265 2208 299 2285 se
314 2210 417 2307 longe
432 2210 551 2309 majori
566 2210 714 2284 miiitum
727 2211 922 2287 numerosa·
1029 2307 1035 2315 ἢ

108 2346 154 2399 ne
167 2325 323 2425 periculo
337 2318 487 2399 resistere
500 2349 571 2399 non
585 2322 692 2421 podet
790 2407 793 2412 ,

174 2462 263 2513 101.
283 2436 423 2513 Sitalces
437 2464 520 2513 vero
535 2458 569 2513 et
584 2442 629 2513 ad
639 2438 836 2516 Perdiccam
849 2452 924 2515 ver'·

111 2546 155 2630 ba
176 2552 292 2629 facere
315 2554 428 2649 coepit
451 2556 495 2629 de
518 2554 633 2639 rebus,
656 2580 803 2652 quarum
825 2556 925 2629 cansa

111 2668 241 2745 bellum
255 2666 314 2765 ipfi
332 2668 513 2743 intulerat:
542 2688 578 2743 et
595 2671 758 2765 quoniam
775 2669 925 2745 Atheni·

112 2781 207 2859 enses
221 2806 299 2857 cum
313 2780 411 2861 etaffe
425 2807 494 2857 non
509 2785 651 2859 aderant
669 2783 764 2881 (enm
777 2788 869 2860 enim
883 2780 926 2858 il·

114 2896 313 2971 latiturum
325 2890 395 2971 non
413 2898 620 2997 credebant)
642 2901 804 2995 qnoniam
824 2902 928 2975 etiam

115 3012 204 3085 dona
223 3032 259 3087 et
277 3012 408 3109 legatos
426 3012 470 3087 ad
494 3014 605 3110 ipsum
624 3014 795 3100 miserant,
819 3032 927 3111 quan·

115 3128 194 3199 dam
207 3123 344 3201 suarum
353 3128 528 3223 copiarum
538 3149 672 3225 partem
681 3130 716 3203 in
727 3128 928 3203 Chalciden·

117 3238 168 3315 {ea
191 3256 226 3315 et
247 3240 421 3321 Bottiaooa
442 3242 543 3339 mifit5
573 3268 721 3342 cumque
743 3244 819 3321 illos
840 3245 929 3322 intra
