2300 3600
189 186 276 276 284·
353 175 394 250 T
409 173 451 266 H
465 173 506 250 U
521 175 552 250 C
566 175 599 249 Y
612 173 722 252 D.11.
742 203 833 252 100.

173 305 278 406 filius
293 303 420 377 horum
435 323 507 378 erat
522 302 613 386 Rex,
637 327 708 399 quo
730 322 886 399 tempore
899 300 1025 378 Sitai,

185 445 240 496 ces
255 416 316 520 ipst
329 418 457 492 bellum
470 419 599 492 intulit.

247 671 337 723 too.
350 644 470 744 Atque
483 649 520 720 hi
535 648 674 744 quidem
688 646 910 731 Macedones,
919 673 1016 722 cum

185 763 306 860 ingens
321 765 492 837 exercims
507 763 584 836 illos
598 759 774 847 invasisset,
789 765 883 858 quod
898 762 929 834 ei
948 789 1016 838 re-

183 877 297 954 fistere
319 903 390 952 non
414 873 558 975 possent,
578 877 614 950 se
638 898 843 972 receperunt
866 878 902 950 in
923 879 1015 950 loca

183 1013 307 1070 natura
320 993 452 1090 fituque
466 993 611 1078 munita,
621 1013 657 1064 et
670 993 707 1064 in
716 992 922 1064 munitiones
930 1017 1009 1065 ma·

182 1129 232 1182 nu
252 1107 366 1192 fatus,
385 1131 473 1203 quae
492 1108 528 1180 in
548 1130 592 1180 eo
609 1130 694 1203 agro
715 1127 823 1178 erant.
860 1105 1011 1180 Harum

182 1243 382 1297 autemnon
397 1245 540 1318 magnus
554 1242 628 1296 erat
641 1245 816 1294 numerus.
834 1220 901 1294 Sed
912 1220 1012 1316 post·

184 1360 226 1411 ea
244 1334 438 1412 Archelaus
456 1334 638 1410 Perdiccae
656 1335 759 1419 filius,
779 1359 889 1432 regno
908 1338 1009 1432 poti-

184 1471 253 1536 tun,
262 1477 329 1536 eat,
338 1475 426 1548 quae
434 1475 525 1524 nunc
537 1451 573 1523 in
585 1475 625 1524 ea
636 1451 778 1546 regione
789 1449 932 1534 exstant,
943 1475 1009 1525 ae·

183 1567 346 1651 dificavit‚
369 1575 405 1639 'et
427 1565 497 1639 vias
516 1567 622 1639 restas
642 1563 761 1649 secuit,
781 1588 817 1639 et
841 1591 921 1638 eum
933 1565 1008 1638 alia

183 1679 329 1777 digeffit,
342 1701 416 1754 tum
431 1681 533 1755 etiam
547 1703 622 1754 rem
630 1680 813 1752 militarem
828 1681 1008 1775 equis,ar·
1027 1766 1031 1772 ,

184 1798 260 1879 mis,
272 1818 306 1871 et
322 1795 456 1893 reliquo
470 1794 552 1869 belli
567 1816 744 1891 apparatu,
760 1795 864 1892 longe
877 1795 1006 1869 melius

184 1935 288 2006 quam
310 1912 436 1983 caeteri
455 1936 573 1983 omnes
591 1912 668 1983 οᾶο
687 1909 815 2005 Reges,
839 1912 899 2007 qui
918 1936 1005 1984 eum

184 2021 439 2103 antecesserant.
446 2022 629 2100 Exercitus
639 2049 722 2098 veto
733 2024 914 2102 Thracum
923 2025 1004 2098 Do-

184 2141 270 2214 b'eto
285 2138 470 2236 profectus,
491 2140 639 2235 primum
658 2140 798 2234 quidem
817 2139 1002 2234 irrupit-in

183 2278 343 2351 regnum,
363 2256 458 2350 quod
471 2251 624 2349 Philippi
643 2254 738 2347 prius
756 2274 842 2336 erat,
862 2275 897 2326 et
916 2253 1002 2326 Ido-

183 2393 307 2447 menen
321 2368 460 2465 quidem
483 2368 637 2464 pervim
661 2368 763 2463 cepit,
790 2367 1002 2463 Gortyniam

183 2508 279 2567 vero,
291 2503 326 2557 et
340 2481 549 2564 Atalantam,
565 2503 600 2555 et
614 2481 680 2554 alia
694 2484 859 2576 quaedam
873 2484 1002 2578 oppida

183 2600 219 2671 in
232 2598 443 2673 deditionem
457 2622 496 2671 ac
509 2596 613 2671 fidem
628 2597 770 2692 recepit,
789 2622 879 2691 quae
892 2596 1003 2691 seipfi

183 2714 413 2811 adjunxerunt
428 2712 473 2785 ob
487 2713 669 2785 amicitiam
683 2710 868 2805 Amyntae,
888 2711 948 2806 qui
963 2736 1002 2783 e·

185 2848 237 2899 rat
246 2822 396 2921 Philippi
408 2826 511 2911 filius,
520 2846 555 2900 et
564 2826 625 2922 qui
636 2838 715 2898 tunc
724 2822 776 2898 ibi
788 2826 916 2898 aderat.
927 2822 1003 2897 Eu,

184 2964 308 3037 ropum
321 2961 436 3014 autem
450 2961 711 3037 oppugnarunt:
732 2940 789 3013 sed
799 2962 1018 3034 expugnare·

183 3078 254 3133 nnn
269 3068 468 3155 potueruut.
487 3056 630 3135 Deinde
640 3078 726 3130 tero
740 3075 775 3129 et
786 3055 822 3128 in
832 3054 1020 3149 reliquam·
