2300 3600
223 179 305 284 33⁶
399 162 862 256 runcinum}

216 339 351 394 merum
373 312 511 407 singuiis
532 310 728 382 civitatibus
751 311 987 404 imperarunt„
1006 331 1041 384 et

218 431 381 526 quas·jam
393 427 575 508 habebant,
584 427 627 496 ad
637 425 756 496 navaie
766 426 939 519 proelium
950 452 1039 497 eom·

217 544 421 614 mittendum
437 540 645 613 reficiebant.
672 538 837 611 Phormio
852 561 887 614 et
902 541 979 634 ipse
992 541 1039 612 A·

216 658 337 730 thenas
353 655 449 738 milit,
461 656 520 750 qni
532 653 881 726 Lacedaemoniorum
892 679 1038 749 appara·

217 795 292 844 tum
307 772 508 853 indicarent,
530 789 564 842 et
579 769 703 863 proelii
718 770 844 840 navalis
860 771 1039 843 nidrosiam

214 911 234 958 a
249 884 283 958 se
298 907 428 981 partam
438 883 674 980 fignificarent.
689 885 869 979 petiitque,
880 881 1039 980 utquam

215 1000 379 1098 plurimas
404 1024 506 1072 naves
525 999 639 1092 primo
657 1023 797 1094 quoque
816 1020 974 1094 tempore
996 1003 1040 1073 ad

177 1174 180 1184 .
213 1117 249 1190 se
269 1116 456 1197 mitterent,
482 1116 577 1208 quod
595 1113 752 1208 quotidie
767 1115 889 1208 proelii
903 1117 1041 1187 navalis

213 1229 448 1304 committendi
463 1227 541 1334 spen
552 1215 645 1300 effer.
664 1227 722 1299 Illi
733 1253 817 1301 vero
831 1229 953 1324 viginti
972 1256 1037 1302 na·

214 1371 272 1420 ves
288 1346 330 1416 ad
345 1367 424 1418 eum
439 1343 590 1416 mittunt.
618 1341 662 1414 Ei
677 1363 804 1427 autem,
826 1344 886 1438 qui
901 1369 956 1416 eas
971 1341 1036 1417 adss
1115 1420 1116 1425 ,

212 1461 373 1543 ducebat,
395 1441 570 1552 praeterea
586 1460 802 1543 mandarunt,
822 1480 862 1530 ut
881 1461 1036 1554 primum
1118 1548 1119 1551 Ἴ

214 1577 250 1650 in
269 1577 408 1648 Cretam
422 1573 609 1669 navigaret.
629 1571 750 1644 Nicias
759 1574 852 1646 enim
862 1573 1035 1649 Cretenfis

211 1689 422 1786 GortyniuS,
445 1689 504 1782 qui
529 1710 603 1760 erat
617 1685 869 1782 Athenierfium
893 1687 1031 1783 hospeS,

211 1804 287 1901 ipsrs
301 1803 473 1899 perfuafit,
494 1822 532 1875 ut
553 1805 588 1874 in
609 1804 800 1900 Cydoniam
813 1805 1031 1899 navigarent,

210 1921 327 1992 dicens
342 1916 420 1991 fore
434 1938 473 1989 ut
489 1942 574 2000 eant,
594 1944 683 2013 quae
702 1917 776 2012 ipfis
791 1940 865 1991 erat
880 1919 1029 2003 inimica,

210 2036 247 2109 in
262 2032 414 2131 ipsorum
432 2030 633 2127 potestatem
652 2018 835 2128 redigeret.
864 2032 948 2127 Ilios
967 2058 1026 2105 au·

210 2170 281 2223 tem
297 2152 347 2221 nd
359 2149 415 2221 hot
419 2146 619 2243 faciendum
639 2148 788 2231 induxit,
809 2144 1027 2232 Polichnion,

209 2265 271 2359 qui
286 2263 488 2359 Cydoniatis
504 2285 601 2335 erant
610 2261 756 2350 finitimi,
766 2262 951 2357 gratificari
966 2288 1031 2335 cu·

210 2379 318 2475 piens.
338 2376 456 2473 Atque
471 2376 529 2449 ille
540 2377 680 2471 quidem
689 2402 768 2448 cum
778 2378 932 2461 navibus,
942 2403 1028 2471 quas

210 2480 401 2587 ¹acceperat,
422 2492 457 2563 in
473 2490 612 2565 Cretam
632 2492 728 2575 abiit,
749 2510 784 2563 et
799 2516 877 2563 eum
891 2490 1027 2565 Polich-

209 2607 290 2698 nitis
306 2606 575 2701 Cydoniatnrum
589 2629 713 2701 agrum
727 2603 876 2679 vastavit.
900 2606 1028 2701 Ibique

208 2744 288 2793 cum
303 2738 445 2813 propter
461 2742 591 2802 vertet,
607 2742 682 2791 tum
695 2720 798 2792 otinm
813 2741 955 2814 propter
968 2746 1027 2793 na·

207 2822 611 2939 vigandi'difficultatem
627 2855 760 2931 ternpus
774 2858 844 2907 nou
859 2836 1027 2931 exiguum

206 2947 394 3023 consumsit.

267 3179 329 3258 86¹.
349 3170 585 3277 Peloponnesii
600 3200 701 3282 teror
715 3176 777 3275 qui
796 3179 839 3252 ad
852 3175 1028 3275 Cyllenen
1043 3290 1047 3295 .
