2300 3600
231 209 284 304 so
403 200 707 288 THUcYn,
726 197 866 294 11,211.·

238 365 259 394 ··
289 311 309 408 ¹2
320 358 333 408 1
344 387 352 406 .
363 329 599 406 'Athenienses
613 354 707 413 vero,
723 330 885 425 quamdiu
898 330 1044 425 quidem
1141 364 1142 389 1

228 444 524 548 Peloponnestorum
548 445 717 518 exercitus
749 445 880 516 circum
907 443 1044 518 Eleusi·

229 589 309 637 nem
327 582 362 634 et
383 559 581 632 Thriafium
598 583 755 653 campum
773 556 933 643 subsedit,
952 579 1043 632 tam·

229 678 289 751 diu
305 675 407 749 etiam
420 673 566 768 aliquam
581 671 674 768 spem
684 673 891 755 habuerunt,
899 697 957 746 eos
967 697 1042 750 uon

229 791 372 888 propius
388 785 640 884 progreffuros;
658 786 820 860 memoria
834 808 990 867 tenentes
1004 809 1045 886 et

230 905 342 1002 ipsum
359 899 612 977 Psistoanadem
629 899 813 974 Pausaniae
820 900 951 999 filiunt,
970 900 1044 978 Lar

230 1017 527 1093 cedaemoniorum
541 1015 686 1112 Regem,
701 1017 838 1112 quando
852 1039 931 1088 oum
942 1012 1046 1090 Polo·

231 1131 470 1230 ponnefiotum
488 1129 595 1223 copiis
608 1130 867 1224 quatuordeeim
880 1130 1045 1205 antehoc

231 1247 362 1321 bellum
374 1244 468 1318 annis
483 1244 517 1315 in
529 1245 683 1324 wAtticam
695 1241 879 1339 irmpiffet,
888 1245 929 1316 ad
939 1242 1046 1322 Eieur
1142 1254 1143 1267 ¹

229 1361 343 1448 onem,
355 1381 391 1434 et
410 1357 609 1432 Thriafium
627 1382 795 1454 campum,
812 1382 878 1433 nec
896 1357 1045 1438 ulter-inu

233 1471 462 1575 progressum,
488 1467 632 1548 rediiffe.
675 1471 914 1572 Qnamobrem
940 1473 1046 1548 etiam
1143 1504 1144 1573 j

233 1591 356 1686 Sparta
371 1589 541 1684 relegatus
560 1585 622 1671 est,
640 1589 735 1682 quod
753 1587 905 1682 pecuniis
924 1588 1045 1662 indue·

231 1727 292 1781 tus
307 1698 479 1776 revertisse
493 1699 582 1779 uisus
592 1697 682 1776 esset.
696 1699 877 1795 Postquam
891 1727 975 1774 vero
988 1728 1046 1776 en-
1143 1754 1144 1757 ,

235 1817 382 1893 ercitum
404 1816 532 1889 circum
555 1814 732 1895 Acharnas
755 1814 923 1900 vidissent,
951 1816 1046 1891 sexa·

238 1932 333 2030 ginta
348 1928 464 2021 stadiis
486 1928 528 2001 ab
552 1930 639 2003 urbe
657 1928 848 2014 distantem,
877 1956 950 2004 rem
973 1956 1046 2004 non
1144 1907 1145 1954 ³

237 2046 383 2143 amplius
404 2042 581 2139 serendam
598 2043 812 2119 censuerunt.
836 2044 895 2117 sed
912 2070 991 2117 cum
1010 2045 1048 2117 in

237 2160 391 2259 ipsorum
403 2156 581 2255 conspeetu
599 2157 663 2255 (ut
677 2156 725 2245 esi
745 2157 941 2256 verisimile)
964 2184 1049 2256 ager

241 2272 440 2358 vastaretur,
460 2271 575 2369 (quod
594 2272 711 2346 saltem
729 2274 894 2373 juniores,
914 2274 984 2348 imo
1001 2298 1049 2347 ne

232 2388 389 2464 seniores
402 2386 540 2483 quidem
548 2388 836 2472 adhucviderant,
855 2388 915 2461 nifi
929 2387 965 2460 in
979 2388 1052 2461 bel·
1144 2397 1145 2438 1

231 2505 279 2586 ,io
293 2500 469 2599 Medico)
489 2526 543 2575 res
561 2502 635 2597 ipsis
653 2502 766 2598 gravis
784 2502 972 2575 videbatur.
999 2500 1051 2579 Et

240 2642 322 2692 cum
336 2618 419 2706 aliia,
430 2639 504 2689 tum
516 2640 600 2689 vero
609 2617 791 2711 praecipue
799 2615 986 2715 juventuti,
994 2641 1053 2703 co·

228 2732 320 2829 ,piae
334 2732 370 2805 in
385 2728 516 2804 hostem
529 2732 736 2812 educendae,
747 2754 809 2803 nec
819 2731 899 2827 agri.
909 2727 1053 2803 vastatio

244 2843 574 2943 per-negligentiam
603 2842 745 2918 ferenda
773 2847 962 2919 videbatur.
1002 2842 1053 2923 Et

239 2984 323 3039 :cum
342 2958 378 3032 in
392 2957 623 3033 conciliabulis
641 2955 760 3042 essent,
780 2960 871 3034 inter
890 2956 924 3032 se
938 2958 1054 3054 gravi·
1144 2959 1145 2972 ¹

234 3094 300 3153 -tor
308 3072 574 3157 altercabantur,
590 3072 648 3148 alii
661 3072 801 3169 quidem
812 3074 926 3170 copias
941 3072 977 3144 in
988 3072 1054 3151 ho

246 3184 329 3272 stem
353 3188 542 3269 educendas
563 3184 749 3273 censentes,
769 3184 828 3263 alii
851 3211 947 3272 vero,
966 3208 1056 3283 quo·
