2300 3600
281 191 357 261 sm
450 182 754 268 nnncsn.
775 181 824 256 11.
842 166 907 279 93:
1134 92 1136 201 i

271 314 322 385 set
336 303 508 408 praesidio.
535 308 770 405 Peloponnesii
789 337 884 393 vero,
903 309 1100 407 postquam

268 443 329 499 'eos
344 426 485 498 subsidio
500 425 617 498 venire
636 424 822 508 senserunt,
842 449 1017 520 magnam
1040 427 1099 498 Sa·

272 542 401 612 laminis
416 559 546 634 partem
561 539 811 620 excurhonibus
825 541 1008 634 populati,
1020 567 1099 637 cap

273 656 314 726 tis
329 654 533 737 hominibus,
550 655 753 748 praedaque,
773 675 808 726 et
818 656 927 726 tribus
943 655 1025 726 illis
1041 681 1099 727 na-

268 769 380 852 nibus,
396 794 438 840 ex
453 768 712 862 propugnaculo
722 768 862 842 Budoro
871 770 1051 842 celeriter
1060 773 1096 842 in
1134 840 1135 847 ,

268 880 432 956 Nisaeam
456 882 490 956 se
510 901 724 977 receperunt.
753 883 911 954 nonnihil
931 885 1037 956 enim
1058 906 1092 956 et
1134 896 1135 941 ἒ

271 995 360 1092 ipsae
374 1022 488 1080 naves
508 1021 596 1090 quae
611 986 717 1093 ldngo
731 998 892 1093 temporis
902 999 1096 1070 intervallo
1134 982 1135 985 Ἴ

268 1111 303 1183 in
318 1101 409 1184 mare
423 1113 584 1183 dedudiae
598 1111 748 1195 fuerant,
757 1135 820 1184 nec
829 1135 998 1205 aquarum
1014 1113 1089 1185 vim
1134 1154 1135 1179 1

267 1222 361 1298 serre
375 1246 544 1322 poterant,
555 1251 613 1298 eos
627 1248 710 1298 tunc
724 1225 906 1298 terrebant.
928 1251 1087 1320 eumque

262 1339 413 1438 “Megara
424 1337 662 1435 pervenissent,
672 1339 1011 1413 Corinthumitinere
1020 1366 1084 1434 pe·

264 1455 371 1530 destri
383 1457 567 1528 redierunt.
584 1453 810 1534 Athenienses
821 1479 914 1537 vero,
926 1479 1005 1525 cum
1016 1480 1079 1526 eos

264 1570 308 1642 ad
322 1568 524 1649 Salaminem
537 1594 607 1642 non
621 1569 765 1662 amplius
778 1569 863 1640 uadi
874 1566 1025 1651 fuissent,
1036 1589 1076 1640 et
1134 1624 1135 1663 ἦ

263 1683 325 1777 ipsi
343 1686 466 1756 domum
485 1675 715 1756 discesserunt.
743 1677 846 1777 atque
864 1682 906 1752 ab
925 1708 967 1755 eo
982 1704 1073 1754 ¹tem·

261 1822 350 1891 pore
364 1795 547 1871 Pinaeeum
562 1801 634 1897 jam
647 1790 834 1871 'accuratius
849 1799 884 1869 in
898 1794 1070 1892 posterum
1134 1873 1135 1876 ,

262 1908 434 1985 custodire
457 1912 662 2007 coeperunt,
688 1938 767 1984 cnm
786 1932 950 2006 portuum
976 1914 1067 1983 clau·

262 2022 352 2109 stris,
365 2047 437 2099 tum
453 2028 553 2101 etiam
567 2027 640 2104 aliis
649 2047 824 2101 accuratae
835 2024 1002 2104 custodiae
1011 2051 1068 2123 ge·
1134 2013 1135 2042 ³

262 2140 427 2215 neribus·
567 2140 570 2145 ’
785 2138 789 2144 ’

261 2404 265 2413 ·
316 2359 341 2463 79
351 2391 384 2461 5.
403 2365 470 2442 Per
488 2370 579 2442 idem
597 2391 731 2465 tempus
745 2368 807 2441 sub
820 2369 922 2467 hujus
936 2368 1059 2462 hyemis

258 2484 408 2567 initium,
438 2484 577 2559 Sitalces
606 2483 775 2579 Odryses,
806 2483 924 2554 Terae
944 2482 1087 2578 filius,'

259 2598 444 2669 Thracum
453 2598 804 2691 ReX,expediti0nem
815 2595 898 2669 fecit
911 2596 1057 2667 adversus

262 2710 469 2795 Perdiccam,
495 2710 816 2809 Alexandrifilium,
837 2711 1056 2783 Macedonum
1134 2741 1136 2768 τ

261 2825 407 2919 Regem,
423 2847 457 2896 et
475 2825 724 2907 Chalcidenses,
739 2826 798 2919 qui
813 2825 890 2895 sunt
907 2824 943 2894 in·
953 2823 1056 2895 Thra·

259 2939 324 3029 cia,
344 2938 390 3011 ob
403 2941 473 3011 duo
487 2936 656 3034 promissa,
671 2964 818 3033 quorum
832 2938 973 3011 cherum
985 2939 1053 3029 qui·

259 3055 338 3149 dem
352 3050 541 3149 reposcere,
560 3052 706 3143 alterum
721 3077 803 3127 vero
817 3051 892 3148 ipse
899 3049 1052 3148 persolve
