2300 3600
7 370 14 431 s

297 167 759 272 'trivertinae
850 195 929 279 egr

108 324 205 388 erat,
225 301 316 398 ipsae
331 297 464 397 praesto
479 297 586 378 essent
604 302 647 378 ad
666 301 885 400 eruptionem
897 304 935 383 iu

112 445 176 494 eos
190 417 391 509 faciendam.
417 501 421 512 Α
534 501 537 506 Α

182 540 243 630 84.
252 528 482 604 Athenienses
495 555 593 616 vero,
602 525 682 606 cunr
696 530 771 606 suas
785 557 888 608 naves
898 533 934 611 in

110 648 312 748 ¹longiorem
326 645 447 720 seriem
457 643 706 742 disposuissent,
718 647 814 722 itaut
824 648 934 744 singu

110 764 172 843 lae
186 762 331 858 fingulas
344 761 505 865 deinceps
519 760 757 856 sequerentur,
766 788 827 837 eoa
836 763 935 839 undi-

110 903 187 976 que
201 875 424 960 circumvehi,
433 896 468 950 et
483 873 518 948 in
534 873 716 970 augustum
727 878 936 955 contrahere

113 1013 320 1088 coeperunt,
340 985 505 1086 hastilium
518 988 656 1080 navium
670 1016 789 1086 prorae
803 989 936 1088 semper

111 1107 221 1202 cursu
230 1107 480 1204 propemodum
490 1107 658 1190 radentes,
668 1127 704 1180 et
714 1103 937 1202 impressionis

112 1219 937 1324 jamjamsaciendaeopiuionempraebentes.Sed

110 1337 284 1418 ,Phormio
304 1336 380 1432 ipsis
398 1357 478 1410 ante
492 1354 725 1431 praeceperat,
742 1359 788 1408 tre
802 1333 937 1413 hostem
958 1389 961 1394 -

119 1453 216 1548 prius
230 1453 513 1548 aggrederentur,
528 1475 632 1546 quam
646 1447 718 1544 ipse
730 1448 863 1546 signum
875 1452 938 1528 dn

117 1564 230 1648 disset.
240 1567 405 1664 Sperabat
415 1567 506 1643 enirn
515 1566 609 1638 hunc
619 1562 939 1658 ipsorumordinem

119 1683 158 1756 in
173 1685 293 1756 eodem
308 1679 409 1766 statu,
431 1701 470 1754 ut
485 1681 520 1752 in
535 1678 683 1775 pedestri
699 1702 827 1774 pugna,
846 1703 938 1774 quae

121 1799 258 1889 interra
268 1798 579 1881 committitur,nou
589 1791 864 1893 permansurum
879 1792 939 1897 sed

122 1938 225 1995 naves
239 1914 330 1989 inter
351 1911 385 1985 se
407 1909 642 1994 concursuras,
657 1931 698 1983 et
712 1927 832 2010 parva
846 1910 939 1987 navi·

121 2029 181 2125 gia
195 2026 490 2123 perturbationem
500 2024 572 2097 illis
584 2026 745 2100 assatura:
761 2044 940 2120 praeterea

123 2163 266 2219 rentum
280 2166 324 2217 ex
336 2141 409 2215 sruu
423 2138 556 2239 Crisaeo
567 2137 786 2235 spiraturum,
800 2138 861 2233 qui
876 2136 941 2213 sub

121 2258 284 2339 auroram
305 2253 454 2357 quotidie
474 2252 559 2327 flare
579 2252 815 2338 consueverat,
834 2278 939 2349 quern

125 2372 186 2447 ille
196 2370 387 2467 exspectans
396 2368 539 2445 navibus
548 2366 940 2452 circumvehebatut,r.a.·

124 2484 181 2563 tui
194 2512 238 2561 ne
252 2506 426 2561 momento
439 2486 580 2581 quidem
589 2482 752 2579 temporis
761 2481 941 2563 Corinthia

19 2684 25 2699 ,
123 2628 226 2679 orum
240 2625 342 2675 naves
357 2599 509 2675 staturas.
537 2594 759 2682 Existimabat
771 2596 874 2675 ctiam
888 2596 942 2695 ip.-

14 2752 17 2763 ·
127 2716 200 2791 sum
208 2714 321 2795 hostes
329 2714 510 2801 invadendi
521 2734 656 2807 ternpus
666 2710 766 2793 insua
775 2710 944 2807 potestate

126 2830 218 2919 sore,
234 2832 280 2903 ita
294 2851 334 2903 ut
348 2854 407 2905 eos
421 2830 589 2905 arbitratu
604 2825 666 2902 suo
679 2828 942 2925 aggrederetur,

123 2947 175 3027 ‚ob
185 2946 348 3046 majorem
357 2942 495 3019 suarum
503 2942 642 3023 narium
651 2940 945 3035 celeritatemque

20 3096 22 3101 ·
130 3062 234 3157 longe
248 3056 453 3157 praestabat:
475 3076 511 3145 et
525 3078 620 3141 tunc,
635 3082 736 3159 quum
748 3052 945 3155 ventusspi»

124 3200 211 3270 ,rare
224 3171 379 3283 coepdset,
398 3172 642 3381 pulcerlr'imam
655 3168 755 3275 hostis
771 3168 948 3271 adoriendi

438 3400 443 3406 .
567 3313 594 3403 ‘i
685 3353 734 3381 ‘⁴
