2300 3600
323 181 783 271 THUcrmnaati
822 208 957 287 ,tn

138 312 194 391 ira
207 313 319 391 sedata
333 320 463 393 animos
477 319 616 393 illorum
627 320 797 415 mitigare,
808 344 958 395 omnem·

140 457 210 527 que
224 454 354 505 metum
368 433 435 509 illis
449 433 599 509 adimere
610 435 756 509 volebat.
776 434 956 535 Quamob*

141 572 215 624 rem
230 548 265 619 in
279 548 429 621 medium
446 546 642 646 progressus
661 550 749 623 hanc
765 551 956 627 orationem

141 660 273 734 habuit.
889 722 890 727 ,
950 687 953 696 ·

201 782 264 853 60,
285 788 295 818 ⁴
315 774 453 853 Vnrr
467 801 488 849 tt
501 802 525 849 a
539 776 575 849 in
595 776 854 877 meindignatio
868 779 953 853 mihl

130 901 153 937 '⁴
173 890 377 986 exspesianti
390 892 546 986 contigit.
570 888 658 989 (ejus
673 894 763 965 enim
778 890 891 965 causas
904 895 954 967 in:

139 1016 152 1052 ⁴
173 1006 308 1103 telligo)
318 1027 421 1100 atque
435 1018 617 1100 propterea
626 1006 826 1081 concionem
840 1010 953 1105 co'e’gi,

138 1130 152 1163 ⁴
172 1142 211 1195 ut
227 1146 285 1194 vos
298 1119 636 1211 commonefacerem,
652 1130 687 1193 et
701 1120 873 1197 vobiscum
893 1108 953 1196 err-¹

139 1245 152 1289 ⁴
174 1233 850 1330 postularemffiquidvoshaudrettevel
866 1238 953 1311 mihi

139 1361 151 1393 ⁴
172 1348 386 1434 succensetis,
396 1351 450 1425 rel
465 1350 566 1425 rebus
577 1350 720 1427 adversis
730 1352 858 1423 ceditis.
874 1351 953 1447 Ego

138 1476 151 1508 ⁴
172 1466 263 1539 eninr
278 1464 445 1549 existimo,
461 1465 644 1549 civitatem,
664 1466 761 1563 cujus
775 1465 953 1539 universus

139 1590 152 1626 ⁴
172 1577 277 1654 status
292 1601 404 1657 manet
418 1582 566 1677 erectus,
587 1581 748 1678 majorem
768 1581 953 1653 utilitatem

140 1706 153 1736 ⁴
172 1696 312 1789 privatis
327 1695 524 1769 horninibus
538 1692 672 1777 afferre,
688 1719 789 1790 quam
803 1695 825 1767 s1
839 1695 953 1791 singu*

138 1821 151 1853 ⁴
172 1811 286 1890 lorum
304 1811 432 1888 civium
449 1810 615 1888 felicitate
635 1810 794 1904 privatim
815 1810 953 1896 floreat,'
979 1869 984 1878 .

138 1936 151 1972 ⁴
171 1925 241 2019 ipsa
252 1925 497 2000 verouuirersa
503 1927 614 2024 jaceat
624 1923 752 1999 afflicta.
773 1923 953 2024 Qieninl

138 2050 151 2086 ⁴
172 2041 331 2134 privatim
344 2065 416 2114 rem
430 2039 579 2114 feliciter
594 2041 697 2136 gerit,
706 2040 730 2112 fi
740 2042 847 2134 patria
858 2064 952 2136 ever·

139 2165 151 2200 ⁴
171 2176 275 2239 tatur,
300 2153 373 2250 ipse
391 2161 530 2250 quoque
550 2155 773 2227 nihilominus
791 2178 952 2250 unacum

140 2279 153 2314 ⁴
172 2270 327 2364 caperit.
346 2267 434 2368 'Qai
454 2294 537 2343 vero
557 2270 592 2341 in
612 2269 786 2364 republica
805 2266 951 2342 florente
996 2349 999 2358 ¹

141 2395 154 2431 ⁴
174 2375 247 2460 rem
261 2382 446 2458 infeliciter
460 2382 563 2480 gerit,
573 2384 600 2456 is
611 2385 714 2479 longe
725 2381 858 2456 facilius
873 2403 953 2456 con-¹

141 2509 156 2542 ⁴
174 2498 336 2572 servatur.
353 2498 478 2598 Qum
491 2500 599 2594 igitur
609 2486 798 2593 respublica
812 2499 954 2593 quidem

140 2625 153 2660 ⁴
173 2616 320 2709 privatas
329 2615 533 2687 calamitates
543 2612 707 2686 sustinere
717 2610 952 2710 potest‚smgu·

141 2729 307 2806 ‘livero
326 2727 485 2828 publicar
508 2729 607 2824 ipsius
629 2725 841 2802 calamitates
854 2730 954 2826 ferre

141 2853 153 2888 ⁴
173 2866 361 2938 nequeunt,
372 2845 545 2938 quomodo
554 2868 625 2916 non
640 2844 799 2918 convenit
813 2844 956 2916 unirer··

142 2969 155 2999 ⁴
175 2955 227 3030 sos
242 2977 343 3052 opem
357 2959 417 3053 ipsi
430 2953 548 3030 ferre?
567 2983 631 3032 nec
646 2971 767 3058 oportet
770 2959 890 3053 facere
905 2957 952 3040 id,
1009 3001 1012 3012 ι

144 3081 156 3118 ⁴
176 3075 271 3174 quod
285 3099 344 3148 ros
359 3097 450 3148 nunc
464 3069 589 3156 facitis,
608 3070 669 3174 qni
680 3069 870 3148 domesticis
881 3071 953 3171 jacd

517 3187 596 3283 Ka
