2300 3600
269 185 349 284 152·
439 172 905 281 unu.ern.n.903
1115 208 1118 321 J

263 332 274 362 ‘
293 337 353 398 aut
369 316 579 396 recurrendi,
603 311 746 386 facultas
765 315 834 386 ulla
853 318 969 400 datur,
992 339 1083 413 quae

264 447 275 482 ¹
293 432 432 505 navium
445 430 627 524 agiliorum
644 428 720 500 sunt
735 453 856 524 operas
877 428 934 502 sed
944 457 1016 525 pro
1024 459 1081 504 na·

263 562 274 593 ‘
295 547 360 620 vali
383 545 516 640 proelio
535 541 691 638 pedestre
709 541 784 614 fieri
804 541 935 616 necesse
954 545 1079 623 fuerit.

264 674 275 712 ί
296 682 330 732 et
349 662 415 732 hoc
435 660 537 732 modo
556 659 664 756 major
676 656 814 729 nauium
825 683 994 731 numerus
1007 687 1078 734 me·
1118 732 1119 741 ,

263 777 381 848 *liore
405 773 602 847 conditione
625 791 766 867 pugnat.
795 772 863 845 Sed
881 771 1009 846 harum
1025 800 1079 849 re·

264 903 275 932 ‘
298 913 373 962 rum
387 909 503 960 curam
517 909 584 980 ego
598 909 662 979 pro
676 885 767 958 virili
786 889 931 980 provide
946 913 1079 983 geram.
1118 898 1119 921 ³

264 1019 275 1048 ⁴
294 1003 367 1077 Vos
389 1025 472 1074 vero
490 1001 581 1096 apud
593 1023 696 1072 nares
712 998 861 1072 vestrum
876 1003 1011 1097 quique
1025 1030 1079 1076 or·

264 1131 275 1162 ⁴
295 1111 409 1188 dinem
424 1111 605 1198 servantes,
625 1115 794 1208 imperata
813 1115 974 1189 celeriter
989 1121 1078 1190 acci·

263 1228 581 1326 ‘pitepraesertim
590 1252 668 1300 cum
677 1226 826 1302 hostium
835 1227 997 1304 stationes
1007 1259 1078 1307 non
1114 1241 1121 1317 i

264 1359 275 1392 ‘
295 1346 398 1442 longe
418 1341 539 1434 absint3
558 1365 594 1417 et
608 1343 644 1416 in
659 1342 731 1439 ipso
746 1343 880 1438 proelio
892 1346 1078 1421 militarem
1120 1384 1121 1417 r

265 1475 275 1506 ‘
295 1459 515 1554 disciplinam,
545 1478 580 1532 et
599 1458 766 1530 silentium
786 1459 924 1552 plurimi
945 1459 1076 1552 facite3
1114 1446 1118 1456 ¹

264 1589 275 1619 ‘
296 1575 394 1670 (haec
408 1573 585 1648 enimcum
594 1573 710 1644 multis
724 1573 797 1644 aliis
811 1574 847 1644 in
863 1569 966 1646 rebus
980 1577 1075 1649 belli-

265 1703 276 1736 ‘
296 1691 354 1774 cis,
375 1710 449 1762 tum
464 1687 546 1761 uero
561 1686 743 1782 praecipue
757 1687 793 1760 in
807 1689 984 1761 navalibus
997 1715 1075 1763 con·

264 1818 275 1851 ‘
295 1803 458 1899 ducunr3)
473 1804 604 1897 hosque
614 1826 677 1897 pro
687 1828 741 1885 eo,
753 1827 791 1873 ac
805 1828 860 1875 res
873 1830 893 1875 a
908 1806 1005 1877 vobis
1016 1832 1074 1877 an·
1122 1780 1123 1872 i

265 1931 275 1969 ‘
296 1940 330 1991 te
345 1914 453 2014 gestas
466 1919 577 2000 decer,
593 1917 802 2011 'propulsato
829 1918 1004 2015 Magnum
1019 1946 1073 1993 au·
1122 1899 1123 1910 ἵ

266 2047 276 2081 ‘
296 2055 365 2107 tem
373 2030 543 2106 certamen
554 2032 650 2103 'vobis
659 2052 859 2104 automnem
869 2032 1073 2130 claffirspem

265 2161 276 2195 ‘
295 2146 544 2242 Peloponnefiis
558 2147 705 2241 eripere,
720 2166 779 2219 aut
793 2147 992 2241 propiorem
1005 2174 1073 2221 mu·

266 2277 276 2317 ί
297 2263 342 2334 ris
357 2258 535 2335 amittendi
548 2283 677 2335 metum
691 2260 956 2334 Atheniensibus
974 2262 1073 2336 affer-

266 2388 344 2449 ‘re.
373 2375 468 2449 Illud
477 2377 578 2449 etiam
589 2375 715 2448 iterum
725 2375 867 2447 vobisin
876 2379 1073 2449 memoriam

266 2503 277 2531 ‘
297 2492 432 2575 revoco,
452 2490 640 2585 permultos
659 2514 779 2562 eorum
792 2490 923 2563 anobis
937 2490 1072 2585 supera·

266 2618 276 2657 ί
297 2626 349 2677 tos
363 2602 472 2678 fuiffe.
507 2604 674 2677 Virorum
692 2629 787 2687 uero,
807 2606 867 2699 qui
874 2604 982 2701 semel
997 2606 1072 2678 ridi

265 2730 276 2769 i
295 2717 451 2802 fuerunt,
459 2718 561 2791 animi
572 2721 689 2792 eadem
699 2720 850 2815 pericula
865 2716 986 2791 iterum
1000 2720 1073 2815 pari

266 2842 276 2887 i
296 2833 434 2905 audacia
449 2833 561 2905 subire
575 2858 645 2905 nou
661 2830 791 2923 solent.¹

323 2974 386 3041 90.
407 2947 617 3045 Hujusmodi
632 2948 744 3019 verbis
763 2968 799 3019 et
819 2946 891 3042 ipse
908 2944 1071 3020 Phormio

263 3058 339 3137 suos
354 3059 402 3135 est
417 3058 872 3161 adhortatus.'Pelopounefii
887 3086 984 3152 nefor
993 3081 1071 3159 quo·
