2300 3600
303 116 780 270 THUCYDOHOW
866 183 940 281 283

129 303 180 384 rie
194 301 332 397 quidem
336 299 483 394 ¹,Pieree
494 297 569 400 (qui
581 297 698 396 postea
713 299 774 374 lub
788 296 952 399 Pangaeo

129 439 222 491 trans
235 415 452 513 Strymonem
460 415 679 488 incoluerunt
687 413 908 513 Pha'gretem,
917 440 953 494 et

128 534 194 606 alia
209 530 344 627 oppida.
364 529 471 608 Unde
481 529 536 602 vel
552 531 676 604 adhoc
690 557 800 628 usque
815 551 953 628 tempus

130 648 241 742 regio,
257 669 345 741 quae
360 644 422 718 sub
429 643 589 740 Pangaeo
593 647 710 744 jacens
720 649 763 718 ad
773 671 869 722 mare
878 671 953 722 ver·

129 761 195 858 git,
214 760 303 834 finus
321 759 474 834 Piericus
493 761 702 857 appellatur)
731 786 776 835 ex
793 785 834 834 ea
849 787 952 848 xero,

128 901 218 973 quae
233 875 348 949 Bottia
362 897 516 959 vocatur,
533 874 720 960 Bottiaeoe,
736 876 797 972 qui
810 900 904 952 nunc
918 903 952 953 a·

130 1015 233 1088 grum
262 989 538 1066 Chalcidenfibus
565 989 751 1064 finitimum
778 991 947 1070 incolunt.

130 1104 337 1206 Qiinetlam
348 1101 524 1203 angustam
536 1107 707 1202 quandam
715 1104 885 1181 Paeoniae
899 1132 952 1183 re·

129 1223 269 1318 gionem
276 1222 375 1320 juxta
385 1219 516 1295 Axium
525 1217 682 1304 fluvium,
693 1222 806 1294 alocis
820 1242 952 1297 monta·

130 1337 183 1410 uis
198 1337 240 1410 ad
260 1333 389 1409 Pellam
407 1359 517 1430 usque
534 1355 569 1408 et
591 1359 685 1408 mare
699 1336 953 1432 pertingentem

131 1447 361 1548 poffederunt.
379 1469 414 1525 et
424 1471 516 1522 trans
527 1448 953 1547 Axium,adStrymonem

133 1589 254 1659 usque,
275 1589 362 1650 eam,
380 1589 469 1661 quae
483 1563 678 1664 Mygdonia
692 1566 902 1652 nominatur,
917 1592 953 1642 e·

126 1679 223 1782 jeffis
233 1678 374 1764 Edonis,
390 1677 565 1776 pollident.
593 1680 649 1754 Ex
664 1679 722 1754 illa
736 1681 851 1767 etiam,
861 1701 953 1779 quae

131 1792 953 1895 nuncEordiavocatunejeceruntEordoslquo·

134 1934 211 1985 rum
227 1910 383 2005 plerique
401 1912 598 2007 perierunt:
625 1910 684 1985 sed
702 1914 828 2009 exigua
846 1934 952 2010 quae·

133 2026 211 2102 dam
226 2024 376 2118 ipsorum
392 2050 469 2121 pars
484 2025 573 2097 circa
582 2024 749 2123 Physcam
759 2026 906 2126 habitat)
915 2046 954 2101 et

133 2164 178 2213 ex
193 2138 367 2235 Almopia,
382 2140 557 2235 AlmopaS.
585 2139 637 2213 Hi
652 2140 875 2227 Macedones,
890 2140 952 2244 qui

133 2250 337 2327 maritimam
350 2278 442 2329 oram
457 2252 703 2339 incolunt,alias
712 2254 814 2329 etiam
828 2278 952 2354 gentee

133 2370 170 2441 in
185 2368 277 2441 suam
292 2367 491 2465 potestatem
510 2371 731 2465 redegerunt,
755 2394 840 2466 quas
857 2390 951 2445 nune

135 2484 238 2557 etiam
253 2484 288 2555 in
304 2484 362 2557 sua
383 2480 548 2578 potestate
568 2483 709 2568 habent,
729 2483 950 2560 Anthemun·

135 2604 217 2679 tem,
247 2594 479 2680 Grestoniam,
513 2597 695 2688 Bisaltiam‚
723 2622 952 2696 magnamqqe

123 2710 308 2815 staperioris
324 2710 553 2786 Macedoniae
572 2733 717 2807 partem,
738 2736 826 2809 quae
839 2718 883 2788 ad
898 2718 951 2813 ip

135 2826 188 2901 sos
202 2826 411 2899 Macedonas
426 2828 631 2922 pertinebat,
640 2827 701 2929 qui
713 2826 785 2901 loca
798 2828 950 2902 mediter·

134 2966 241 3014 rama
252 2939 448 3015 incolebant.
461 2940 561 3015 Haec
571 2962 686 3015 autem
695 2944 864 3029 universa,
874 2945 953 3018 Ma·

135 3056 278 3140 ¹cedonia
300 3078 478 3147 vocantur,
500 3078 536 3153 et
558 3054 737 3156 l'erdiccae
760 3054 950 3140 Alexandri
