2300 3600
220 198 308 277 roo·
395 184 701 269 THUCYD.
717 186 776 269 11.·
791 190 857 297 63.

216 336 231 371 ‘
248 324 301 399 bis
309 317 535 397 tradiderunt.
549 316 711 419 Turpius¹
725 316 839 397 autent
853 316 901 396 est
913 316 1057 410 rebus:

216 452 230 501 4
248 460 332 536 quas
349 432 563 533 poffidemuS,
583 436 723 533 privari,
738 432 927 533 quant'rern
942 438 1044 512 infe·

215 552 361 627 ‘'liciter
372 574 509 649 gerere,
532 553 616 624 dnm
633 553 837 647 quaerimus.
864 552 979 625 Decet
997 576 1045 627 ει

216 665 332 741 ‘tiam
347 687 413 739 noa
431 664 591 761 aduersus
614 664 727 739 hostes
750 666 802 739 ire
824 664 894 741 uon
918 666 1044 741 solum

216 787 232 827 ⁴
248 780 493 865 confidentia,
507 781 566 857 sed
580 780 681 853 'etiarn
694 802 774 853 cunt
787 781 1042 857 contemtione.

216 896 426 970 ‘Gloriatio
445 895 537 969 enirn
559 896 662 969 etlam
681 918 725 969 ex
742 893 836 969 felicl
856 892 1040 991 imperitia

218 1023 231 1057 ⁴
250 1012 305 1086 vel
317 1010 458 1102 cuilibet
472 1011 597 1105 ignaro
606 1008 800 1083 innascitur.
819 1008 870 1085 At
879 1028 1048 1087 contem-²

217 1135 231 1191 4
249 1126 300 1198 tio
313 1124 346 1197 ei
359 1122 557 1221 innascitur,
565 1126 626 1221 qui
641 1124 698 1199 vel
711 1120 848 1199 conlilio
862 1123 897 1199 se
910 1126 1042 1199 adver-¹

216 1251 230 1287 ⁴
249 1238 343 1312 sariis
361 1236 572 1335 superiorem
590 1236 657 1313 e'ffe
675 1238 828 1313 confidit.
858 1237 894 1312 id
900 1292 913 1325 ,
933 1242 1038 1337 quod

216 1363 232 1400 ⁴
249 1355 348 1430 nobis
361 1351 465 1427 adest.
478 1353 525 1428 Et
539 1356 734 1451 prudentia,
747 1352 1037 1431 fifortunaeeon·

217 1472 337 1545 ‘ditio
348 1468 388 1543 fit
401 1470 563 1565 aequalis,
587 1489 728 1565 propter
747 1470 849 1543 animi
863 1468 1036 1545 celfitudi⁴

218 1596 232 1632 ‘
249 1610 342 1670 nem,
349 1585 522 1658 audaciam
533 1585 645 1658 reddit
654 1584 828 1669 tutiorem,
837 1603 873 1657 et
883 1583 954 1679 lpei
967 1586 1036 1657 nia

217 1701 313 1773 'nus
335 1698 539 1798 fidit,·eujua
559 1700 648 1774 vires
662 1696 740 1771 sunt
754 1698 790 1772 in
811 1698 935 1772 dubiot
969 1697 1036 1773 sed

218 1813 499 1912 ‘confilio·fidit,
519 1817 615 1914 cujus
637 1809 850 1910 providentia
870 1839 913 1887 ex
931 1805 1033 1911 grae*

218 1927 399 2004 ‘lentibus
412 1929 517 2024 copiis
532 1928 581 2002 est
595 1929 815 2024 exploratior.

278 2048 342 2145 63.
360 2053 372 2084 ‘
390 2041 506 2117 Decet
526 2044 628 2117 etiam
646 2069 706 2118 vos
725 2041 895 2139 dignitati,
924 2065 1031 2140 quam

217 2170 231 2206 ⁴
250 2158 439 2255 respublica
453 2179 596 2254 propter
611 2159 792 2254 imperinm
806 2158 921 2243 habet,
936 2157 1032 2254 (qua

219 2285 231 2320 ‘
250 2298 310 2347 vos
324 2297 441 2346 omnes
454 2273 639 2370 laetamini)
655 2297 755 2368 opem
769 2269 885 2346 ferre:
902 2297 965 2346 nec
979 2273 1031 2345 la·'·

219 2387 350 2460 ‘bores
373 2385 625 2483 subterfugere,
650 2407 708 2459 aut
730 2411 775 2459 ne
790 2386 1031 2482 honoresquia·

217 2513 232 2548 ‘
249 2504 330 2576 dem
342 2499 539 2576 consecrari:
565 2526 678 2597 neqnc
697 2497 887 2574 existimare
899 2501 943 2574 dc
957 2521 1030 2573 nna

217 2627 232 2664 ⁸
250 2636 383 2691 tantum
397 2637 449 2701 re,
472 2618 516 2689 de
529 2615 688 2689 libertate
702 2614 911 2688 videlicet'in
924 2613 1028 2688 sertia

217 2739 232 2776 ⁸
249 2751 360 2805 entem
373 2731 621 2812 commutanda,
636 2751 806 2804 certamen
821 2725 905 2818 elle;
917 2726 975 2802 sed
989 2743 1030 2802 et

218 2851 231 2888 ⁴
250 2845 293 2919 de
308 2843 451 2940 imperio
464 2845 663 2928 amittendo,
688 2865 723 2918 et
742 2845 786 2916 de
807 2842 961 2937 periculo
978 2841 1027 2916 ou

217 2962 233 3003 ‘
249 2955 396 3058 offensas.
405 2961 440 3032 in
450 2959 593 3054 imperio
604 2959 786 3054 contradas
795 2957 1031 3052 inpendente

215 3081 410 3172 faquorte
423 3073 597 3148 discedere
611 3071 751 3168 quiden
765 3070 859 3148 vobis
882 3071 1030 3172 emplius

1141 1841 1142 1888 l

1141 2057 1142 2120 l

1139 2121 1142 2196 l

1141 2357 1142 2450 l

1141 2453 1142 2510 l

1141 2533 1142 2616 l

1141 2629 1142 2672 l
