2300 3600
28 167 52 262 ¹¹,
313 139 775 239 THUCYD.IL98.
869 163 945 241 279

66 334 72 360 ,
124 269 240 370 gente
264 277 358 370 genti
375 273 539 370 oppofita,
567 273 703 370 Scythis
723 272 896 358 universis,
925 275 949 346 ii

26 373 82 424 Μ’
121 392 319 463 concordes
344 392 435 464 inter
460 389 493 462 se
513 388 655 473 fuerint,
677 387 828 462 resistere
847 389 947 472 valet,

24 493 71 566 rie
126 502 337 602 Qinetiam
347 529 390 576 ne
401 506 435 576 in
446 505 658 600 aliaquidem
669 502 859 587 solertim
868 527 948 598 pru·

22 621 63 707 51³2-
126 620 258 701 dentia,
278 621 416 714 quaein
439 620 598 694 rebusad
613 618 824 712 praesentem
843 620 948 698 vitam

125 731 320 806 necessariis
349 735 555 831 requiritur,
584 734 947 807 exterisnationibus

24 939 56 988 n
123 846 350 924 suntfimiles.

18 1082 47 1125 W
188 1081 252 1174 98.
273 1075 412 1150 Sitaires
432 1077 551 1171 igitur,
572 1100 650 1148 cum
666 1094 779 1154 tantae
795 1077 945 1172 regionis

15 1179 43 1276 55':
128 1215 275 1286 regnum
289 1193 473 1273 obtineret,
485 1193 674 1264 exercitum
689 1192 838 1283 parabat.
852 1191 946 1265 Post-

12 1361 35 1406 ἕ.
125 1331 230 1400 quam
245 1329 359 1379 autem
373 1331 429 1410 rer⁸
445 1331 549 1377 omnes
570 1307 622 1379 ad
636 1305 870 1402 expeditionem
890 1335 945 1379 nr-

127 1417 367 1518 oeffirriaejam
382 1421 440 1514 ipsi
455 1441 592 1514 paratae
606 1419 763 1503 fuerunt,
779 1420 880 1521 copiis
896 1420 945 1493 in·

8 1533 19 1621 J
127 1535 170 1620 de
185 1536 297 1618 motis,
313 1537 347 1608 in
359 1535 600 1608 Macedoniarn
615 1536 693 1623 ivit3
709 1535 856 1629 primum
871 1537 945 1630 qui·

8 1630 23 1686 Ε
125 1651 206 1722 dem
217 1649 385 1746 persuum
396 1650 686 1745 regnum,deinde
696 1673 779 1722 vero
789 1675 852 1745 per
863 1649 945 1723 Cer-

6 1778 13 1828 5
126 1766 242 1854 einen,
265 1785 416 1839 montem
430 1763 616 1849 desertum,
639 1765 700 1860 qui
720 1765 812 1839 inter
830 1764 945 1840 Sintos

127 1902 163 1955 et
178 1879 328 1953 Paeonas
344 1878 392 1954 est
408 1882 548 1961 medius,
568 1878 643 1951 Iter
657 1900 772 1953 autem
787 1904 850 1975 per
865 1904 946 1955 eum

127 1992 275 2069 faciebat
290 1996 353 2079 via,
374 2020 477 2091 quam
496 1993 566 2089 ipse
581 1993 705 2074 succisa
719 1996 859 2068 materia
874 1997 946 2091 pri·

127 2134 168 2185 us
183 2108 323 2194 fecerat,
344 2134 452 2205 quum
467 2109 598 2181 bellurn
612 2106 803 2181 Paeonibus
818 2110 946 2183 intulit.

128 2224 238 2297 Hunc
252 2246 367 2297 autem
381 2246 532 2298 montem
547 2248 591 2296 ex
600 2223 743 2319 Odryfis
756 2247 946 2319 pertranse-

129 2360 241 2425 untes,
266 2342 309 2414 ad
330 2342 485 2412 dextram
498 2339 639 2435 quidem
653 2338 825 2420 habebant
837 2337 945 2412 Paeo·

127 2478 207 2543 nas3
237 2456 278 2526 ad
293 2452 454 2529 sinistram
469 2478 564 2536 vero,
586 2451 712 2536 Sintos,
732 2472 769 2527 et
787 2450 945 2528 Maedos.

127 2567 250 2668 Qem
260 2592 336 2641 cum
349 2565 616 2663 pertransiffent,
624 2569 667 2641 ad
673 2566 858 2640 Doberum
864 2566 946 2646 Pae·

97 2726 102 2737 ·
127 2684 261 2757 unicam
281 2684 392 2759 urbem
411 2702 654 2778 pervenerunt.
682 2681 726 2754 Ei
745 2703 859 2755 autem
879 2685 948 2756 iter

128 2794 269 2871 facienti
283 2798 378 2870 nulla
392 2798 532 2894 quidem
546 2798 716 2871 exercitus
736 2821 813 2893 pars
831 2795 947 2871 deces-

128 2912 179 2996 iit‚
204 2911 265 2985 nifi
283 2912 307 2984 fi
326 2936 393 3008 qua
413 2914 534 2986 morbo
554 2933 715 3007 correpta
732 2913 853 3007 periit:
888 2911 947 2984 sed

130 3028 320 3102 accedebat.
349 3027 458 3101 Multi
477 3028 569 3102 enirn
589 3053 632 3101 ex
652 3027 718 3121 iilis
732 3024 947 3111 Thracibus,

128 3142 189 3257 qui
204 3141 271 3217 suis
286 3141 421 3241 legibus
435 3144 610 3229 vivebant,
620 3143 663 3217 ad
676 3144 837 3243 praedam
852 3140 946 3236 ultro

501 3256 579 3371 Se
