2300 3600
307 198 613 295 nnncsn
633 145 684 279 n
702 208 766 299 ςι.
864 222 943 309 ¹4⁷

124 356 228 438 qnam
241 334 456 432 statutam,
476 337 558 409 inde
570 331 756 413 dineffiffs
788 330 866 417 Hac
881 363 948 413 an:

124 472 197 524 tem
223 449 477 546 expeditione'
467 473 504 523 an
523 456 608 547 agro
628 424 742 529 hostili
761 450 942 527 diutlffime

123 565 204 638 sunt
218 566 429 648 commorati,
457 586 639 661 totumque
652 562 834 639 vastarunt
862 592 944 647 nans

123 681 357 779 qnadraginta.
371 678 483 759 ferme
501 682 585 763 dies
602 680 647 755 in
664 678 782 755 Attica
809 682 943 757 manses

124 817 220 871 runt»

133 1065 142 1075 -
185 1028 249 1119 58.
285 1018 417 1101 Eadem
438 1017 559 1101 aestate
587 1017 717 1123 Agnan
741 1020 879 1111 Niciae,
904 1042 941 1099 et

124 1129 357 1236 Cleopompus
373 1133 504 1219 Cliniae
506 1141 609 1240 filius
613 1191 623 1227 ,
638 1140 778 1215 Periclis
793 1142 829 1213 in
843 1163 940 1237 praes

125 1267 204 1329 sura
219 1256 383 1352 collegae,
399 1255 516 1329 sumtis
529 1254 649 1353 copiis,
662 1252 794 1353 ,quibus
806 1256 867 1329 ille
880 1254 941 1329 fun

124 1391 200 1444 erat
208 1370 300 1455 usus,
313 1367 601 1456 Chalcidensibus,
611 1372 670 1466 qni
682 1370 759 1442 sunt
771 1370 805 1441 in
821 1366 939 1443 Thra⁴

124 1482 189 1568 cia,
200 1506 236 1559 et
249 1478 431 1559 Potidaeae
445 1482 557 1558 adhuc
572 1478 720 1558 obsessae
734 1479 863 1559 bellum
877 1482 940 1557 sla·⁸

21 1614 26 1623 '
124 1593 187 1673 clm
201 1595 403 1674 intulerunt.
434 1598 523 1673 Cum
537 1620 652 1674 autem
672 1596 848 1683 venissent,
868 1618 940 1671 maa

124 1716 241 1789 chinas
255 1715 287 1803 el
302 1719 537 1801 admoverunt,
548 1711 711 1812 omnique
725 1740 793 1811 ope
806 1734 939 1812 expug-

123 1850 207 1904 nare
225 1828 445 1904 conabantur.
475 1832 543 1904 Sed
561 1857 674 1927 neque
693 1827 787 1903 urbis
807 1854 940 1926 expug÷

123 1947 231 2030 natio,
257 1971 371 2041 neque
389 1968 521 2020 caetera
535 1971 599 2040 pro
614 1965 792 2041 apparatus
807 1945 939 2039 magni·

126 2061 246 2133 tudine
261 2061 335 2155 ipfis
350 2061 585 2132 succedebant.
600 2061 709 2131 Nam
724 2055 862 2130 morbus
877 2057 940 2130 ille

9 2167 14 2175 ’
124 2174 378 2268 superveniens,
390 2171 446 2247 hlc
457 2171 684 2247 Athenienses
700 2195 772 2244 tum
787 2169 939 2268 graviter

125 2287 258 2373 afflixit,
269 2289 445 2362 absumens
460 2290 660 2374 exercitum,
672 2291 757 2360 adeo
768 2309 807 2358 nt
823 2309 857 2360 et
867 2289 938 2382 pri,

124 2429 203 2475 ores
227 2402 487 2476 Athenienssum
511 2404 645 2486 milites,
674 2403 834 2476 morbum
857 2427 938 2474 con.-

124 2515 293 2589 traxerint
309 2545 351 2590 ex
366 2518 524 2614 contagio
542 2519 731 2612 copiarum,
752 2538 840 2610 quae
860 2539 940 2588 cum

125 2631 277 2728 Agnone
296 2625 472 2717 venerss't,
497 2633 650 2727 quamvis
665 2651 762 2702 antea
778 2631 866 2703 resse
881 2655 938 2702 va·

123 2742 247 2819 lenens.
275 2745 463 2823 Pho'rmion
477 2771 573 2830 vern,
588 2766 624 2819 et
639 2747 785 2834 millene
801 2745 938 2823 seneen

120 2861 151 2933 cl
170 2857 308 2950 milites,
332 2866 425 2960 apud
446 2860 686 2934 Chalcidenses
700 2887 769 2933 non
795 2861 939 2955 amplius

121 2995 234 3052 erant.
262 2975 392 3075 Agnou
412 2975 521 3076 igitur
534 2999 613 3050 cum
627 2975 768 3066 nani-bus
783 2975 939 3064 Athenas

490 3091 522 3165 K
557 3116 574 3163 2
